<?xml version="1.0" encoding="UTF-8"?>
<!-- Search-Engine-Total-Number-Of-Results: 160 -->
<collection xmlns="http://www.loc.gov/MARC21/slim">
<record>
  <controlfield tag="001">161</controlfield>
  <controlfield tag="002">Blog_2204</controlfield>
  <controlfield tag="005">20121109161101.0</controlfield>
  <datafield tag="980" ind1=" " ind2=" ">
    <subfield code="a">BLOG</subfield>
  </datafield>
  <datafield tag="245" ind1=" " ind2=" ">
    <subfield code="a">BlogForever - FP7 EU Project</subfield>
  </datafield>
  <datafield tag="781" ind1=" " ind2=" ">
    <subfield code="a">http://wordpress.org/?v=3.4.2</subfield>
  </datafield>
  <datafield tag="856" ind1="4" ind2=" ">
    <subfield code="u">http://bf3.itc.auth.gr/record/161/files/Blog_2204.xml_mets</subfield>
  </datafield>
  <datafield tag="041" ind1=" " ind2=" ">
    <subfield code="a">en-US</subfield>
  </datafield>
  <datafield tag="520" ind1=" " ind2=" ">
    <subfield code="u">http://blogforever.eu</subfield>
  </datafield>
</record>