
<record>
  <controlfield tag="001">160</controlfield>
  <controlfield tag="002">Blog_2044</controlfield>
  <controlfield tag="005">20121109161100.0</controlfield>
  <datafield tag="980" ind1=" " ind2=" ">
    <subfield code="a">BLOG</subfield>
  </datafield>
  <datafield tag="245" ind1=" " ind2=" ">
    <subfield code="a">SALT &amp;#8211; Surfacing the Academic Long Tail | A JISC Activity Data project blog</subfield>
  </datafield>
  <datafield tag="781" ind1=" " ind2=" ">
    <subfield code="a">http://wordpress.com/</subfield>
  </datafield>
  <datafield tag="856" ind1="4" ind2=" ">
    <subfield code="u">http://bf3.itc.auth.gr/record/160/files/Blog_2044.xml_mets</subfield>
  </datafield>
  <datafield tag="041" ind1=" " ind2=" ">
    <subfield code="a">en</subfield>
  </datafield>
  <datafield tag="520" ind1=" " ind2=" ">
    <subfield code="u">http://salt11.wordpress.com</subfield>
  </datafield>
</record>