
<record>
  <controlfield tag="001">1924</controlfield>
  <controlfield tag="002">Post_2240</controlfield>
  <controlfield tag="005">20121112155851.0</controlfield>
  <datafield tag="980" ind1=" " ind2=" ">
    <subfield code="a">BLOGPOST</subfield>
  </datafield>
  <datafield tag="245" ind1=" " ind2=" ">
    <subfield code="a">2nd BlogForever review meeting</subfield>
  </datafield>
  <datafield tag="336" ind1=" " ind2=" ">
    <subfield code="a">BLOGPOST</subfield>
  </datafield>
  <datafield tag="760" ind1=" " ind2=" ">
    <subfield code="o">http://blogforever.eu</subfield>
    <subfield code="4">BLOG</subfield>
    <subfield code="w">161</subfield>
  </datafield>
  <datafield tag="100" ind1=" " ind2=" ">
    <subfield code="a">Ilias Trochidis</subfield>
  </datafield>
  <datafield tag="781" ind1=" " ind2=" ">
    <subfield code="a">http://wordpress.org/?v=3.4.2</subfield>
  </datafield>
  <datafield tag="856" ind1="4" ind2=" ">
    <subfield code="u">http://bf3.itc.auth.gr/record/1924/files/Post_2240.xml_mets</subfield>
  </datafield>
  <datafield tag="856" ind1=" " ind2="0">
    <subfield code="u">http://blogforever.eu/blogforever-project-statement/</subfield>
    <subfield code="y">project statement</subfield>
    <subfield code="z">BlogForever Project Statement</subfield>
  </datafield>
  <datafield tag="856" ind1=" " ind2="0">
    <subfield code="u">http://blogforever.eu/work-packages-deliverables/wp2-project-structure-and-semantics/</subfield>
    <subfield code="y">Weblog Structure and Semantics (WP2)</subfield>
    <subfield code="z">WP2 Weblog Structure and Semantics</subfield>
  </datafield>
  <datafield tag="856" ind1=" " ind2="0">
    <subfield code="u">http://blogforever.eu/work-packages-deliverables/wp3-the-blogforever-policies/</subfield>
    <subfield code="y">Preservation Strategy for blogs (WP3)</subfield>
    <subfield code="z">WP3 The BlogForever Policies</subfield>
  </datafield>
  <datafield tag="856" ind1=" " ind2="0">
    <subfield code="u">http://blogforever.eu/work-packages-deliverables/wp4-the-blogforever-software-infrastructure/</subfield>
    <subfield code="y">BlogForever software infrastructure (WP4)</subfield>
    <subfield code="z">WP4 The BlogForever Software Infrastructure</subfield>
  </datafield>
  <datafield tag="856" ind1=" " ind2="0">
    <subfield code="u">http://blogforever.eu/work-packages-deliverables/wp5-case-studies-and-validation/</subfield>
    <subfield code="y">BlogForever case studies (WP5)</subfield>
    <subfield code="z">WP5 Case studies and validation</subfield>
  </datafield>
  <datafield tag="856" ind1=" " ind2="0">
    <subfield code="u">http://blogforever.eu/work-packages-deliverables/wp6-dissemination-exploitation/</subfield>
    <subfield code="y">BlogForever business model</subfield>
    <subfield code="z">WP6 Dissemination &amp; exploitation</subfield>
  </datafield>
  <datafield tag="856" ind1=" " ind2="0">
    <subfield code="u">http://twitter.com/share?url=http://blogforever.eu/blog/2012/11/09/2nd-blogforever-review-meeting/&amp;via=blogforever&amp;text=2nd BlogForever review meeting&amp;related=:&amp;lang=en&amp;count=vertical</subfield>
    <subfield code="y">Tweet</subfield>
  </datafield>
  <datafield tag="269" ind1=" " ind2=" ">
    <subfield code="c">09.11.2012 13:04:46</subfield>
  </datafield>
  <datafield tag="520" ind1=" " ind2=" ">
    <subfield code="a">&lt;div>
							&lt;p>The 2&lt;sup>nd&lt;/sup> BlogForever review meeting was held in Berlin on the 6&lt;sup>th&lt;/sup> of November 2012, hosted excellently by mokono (Populis).&lt;/p>
&lt;p>&lt;img title="BlogForever_team_2nd_review" src="http://blogforever.eu/wp-content/uploads/2012/11/BlogForever_team_2nd_review.jpg" alt="BlogForever team 2nd review 2nd BlogForever review meeting" width="642" height="347">&lt;/p>
&lt;p>The coordinator (AUTH) presented the status and the overall achievements of the project, that are summarized in the &lt;a title="BlogForever Project Statement" href="http://blogforever.eu/blogforever-project-statement/">project statement&lt;/a>. The review continued with partners from UW and TUB presenting the results of the study that the project conducted for &lt;a title="WP2 Weblog Structure and Semantics" href="http://blogforever.eu/work-packages-deliverables/wp2-project-structure-and-semantics/">Weblog Structure and Semantics (WP2)&lt;/a>. UG continued by analysing the development of the &lt;a title="WP3 The BlogForever Policies" href="http://blogforever.eu/work-packages-deliverables/wp3-the-blogforever-policies/">Preservation Strategy for blogs (WP3)&lt;/a> and the advances that this task brings to the state of the art. Initial thoughts for the Interoperability Prospects and for the Digital Rights Management Policy development were also presented by AUTH and mokono (Populis) respectively. The review meeting continued with a combined presentation of the &lt;a title="WP4 The BlogForever Software Infrastructure" href="http://blogforever.eu/work-packages-deliverables/wp4-the-blogforever-software-infrastructure/">BlogForever software infrastructure (WP4)&lt;/a> and the &lt;a title="WP5 Case studies and validation" href="http://blogforever.eu/work-packages-deliverables/wp5-case-studies-and-validation/">BlogForever case studies (WP5)&lt;/a>. CERN presented the status of the development while UL presented the plan for the implementation and validation of the case studies. CERN made a demonstration of the BlogForever repository while Cyberwatcher presented the interface and functionality of the BlogForever spider. Finally, Tero presented the dissemination activities during the last six months of the project and continued with the presentation of the plan for the exploitation of the project results; results of the market analysis study were presented together with the initial plan for the development of the &lt;a title="WP6 Dissemination &amp; exploitation" href="http://blogforever.eu/work-packages-deliverables/wp6-dissemination-exploitation/">BlogForever business model&lt;/a>.&lt;/p>
&lt;p>The meeting ended up with the feedback the two reviewers and the project officer gave to the consortium. The reviewers congratulated the BlogForever team stressing their opinion on the exemplary project management and the conceptual work that furthers the state of the art, and at the same time showing their satisfaction on the technical part and project.&lt;/p>
&lt;div>&lt;a href="http://twitter.com/share?url=http://blogforever.eu/blog/2012/11/09/2nd-blogforever-review-meeting/&amp;via=blogforever&amp;text=2nd BlogForever review meeting&amp;related=:&amp;lang=en&amp;count=vertical" onclick="javascript:_gaq.push(['_trackEvent','outbound-article','http://twitter.com']);">Tweet&lt;/a>&lt;/div>
													&lt;/div></subfield>
    <subfield code="b">&lt;div class="post-content">
						&lt;h2 class="posttitle">&lt;a href="http://blogforever.eu/blog/2012/11/09/2nd-blogforever-review-meeting/" rel="bookmark" title="Permanent Link to 2nd BlogForever review meeting">2nd BlogForever review meeting&lt;/a>&lt;/h2>

						&lt;p class="date">12:04 pm &lt;em>in &lt;a href="http://blogforever.eu/blog/category/blog/" title="View all posts in Blog" rel="category tag">Blog&lt;/a> by &lt;a href="http://blogforever.eu/members/itroch/" title="Ilias Trochidis">Ilias Trochidis&lt;/a>&lt;/em> &lt;/p>

						&lt;div class="entry">
							&lt;p style="text-align: justify;">The 2&lt;sup>nd&lt;/sup> BlogForever review meeting was held in Berlin on the 6&lt;sup>th&lt;/sup> of November 2012, hosted excellently by mokono (Populis).&lt;/p>
&lt;p>&lt;img class="wp-image-986 aligncenter" title="BlogForever_team_2nd_review" src="http://blogforever.eu/wp-content/uploads/2012/11/BlogForever_team_2nd_review.jpg" alt="BlogForever team 2nd review 2nd BlogForever review meeting" width="642" height="347">&lt;/p>
&lt;p style="text-align: justify;">The coordinator (AUTH) presented the status and the overall achievements of the project, that are summarized in the &lt;a title="BlogForever Project Statement" href="http://blogforever.eu/blogforever-project-statement/">project statement&lt;/a>. The review continued with partners from UW and TUB presenting the results of the study that the project conducted for &lt;a title="WP2 Weblog Structure and Semantics" href="http://blogforever.eu/work-packages-deliverables/wp2-project-structure-and-semantics/">Weblog Structure and Semantics (WP2)&lt;/a>. UG continued by analysing the development of the &lt;a title="WP3 The BlogForever Policies" href="http://blogforever.eu/work-packages-deliverables/wp3-the-blogforever-policies/">Preservation Strategy for blogs (WP3)&lt;/a> and the advances that this task brings to the state of the art. Initial thoughts for the Interoperability Prospects and for the Digital Rights Management Policy development were also presented by AUTH and mokono (Populis) respectively. The review meeting continued with a combined presentation of the &lt;a title="WP4 The BlogForever Software Infrastructure" href="http://blogforever.eu/work-packages-deliverables/wp4-the-blogforever-software-infrastructure/">BlogForever software infrastructure (WP4)&lt;/a> and the &lt;a title="WP5 Case studies and validation" href="http://blogforever.eu/work-packages-deliverables/wp5-case-studies-and-validation/">BlogForever case studies (WP5)&lt;/a>. CERN presented the status of the development while UL presented the plan for the implementation and validation of the case studies. CERN made a demonstration of the BlogForever repository while Cyberwatcher presented the interface and functionality of the BlogForever spider. Finally, Tero presented the dissemination activities during the last six months of the project and continued with the presentation of the plan for the exploitation of the project results; results of the market analysis study were presented together with the initial plan for the development of the &lt;a title="WP6 Dissemination &amp;amp; exploitation" href="http://blogforever.eu/work-packages-deliverables/wp6-dissemination-exploitation/">BlogForever business model&lt;/a>.&lt;/p>
&lt;p style="text-align: justify;">The meeting ended up with the feedback the two reviewers and the project officer gave to the consortium. The reviewers congratulated the BlogForever team stressing their opinion on the exemplary project management and the conceptual work that furthers the state of the art, and at the same time showing their satisfaction on the technical part and project.&lt;/p>
&lt;div style="float: right; margin-left: 10px;">&lt;a href="http://twitter.com/share?url=http://blogforever.eu/blog/2012/11/09/2nd-blogforever-review-meeting/&amp;via=blogforever&amp;text=2nd BlogForever review meeting&amp;related=:&amp;lang=en&amp;count=vertical" onclick="javascript:_gaq.push(['_trackEvent','outbound-article','http://twitter.com']);" class="twitter-share-button">Tweet&lt;/a>&lt;script type="text/javascript" src="http://platform.twitter.com/widgets.js">&lt;/script>&lt;/div>
													&lt;/div>

						&lt;p class="postmetadata">&lt;span class="tags">&lt;/span> &lt;span class="comments">&lt;a href="http://blogforever.eu/blog/2012/11/09/2nd-blogforever-review-meeting/#respond" title="Comment on 2nd BlogForever review meeting">No Comments &amp;#187;&lt;/a>&lt;/span>&lt;/p>
					&lt;/div></subfield>
    <subfield code="u">http://blogforever.eu/blog/2012/11/09/2nd-blogforever-review-meeting/</subfield>
  </datafield>
</record>