
<record>
  <controlfield tag="001">1900</controlfield>
  <controlfield tag="002">Post_2214</controlfield>
  <controlfield tag="005">20121112155809.0</controlfield>
  <datafield tag="980" ind1=" " ind2=" ">
    <subfield code="a">BLOGPOST</subfield>
  </datafield>
  <datafield tag="245" ind1=" " ind2=" ">
    <subfield code="a">4th BlogForever Consortium Meeting</subfield>
  </datafield>
  <datafield tag="336" ind1=" " ind2=" ">
    <subfield code="a">BLOGPOST</subfield>
  </datafield>
  <datafield tag="760" ind1=" " ind2=" ">
    <subfield code="o">http://blogforever.eu</subfield>
    <subfield code="4">BLOG</subfield>
    <subfield code="w">161</subfield>
  </datafield>
  <datafield tag="100" ind1=" " ind2=" ">
    <subfield code="a">Vangelis Banos</subfield>
  </datafield>
  <datafield tag="781" ind1=" " ind2=" ">
    <subfield code="a">Warwick Blogs, University of Warwick, http://blogs.warwick.ac.uk</subfield>
  </datafield>
  <datafield tag="856" ind1="4" ind2=" ">
    <subfield code="u">http://bf3.itc.auth.gr/record/1900/files/Post_2214.xml_mets</subfield>
  </datafield>
  <datafield tag="856" ind1=" " ind2="0">
    <subfield code="u">http://blogforever.eu/work-packages-deliverables/wp3-the-blogforever-policies/</subfield>
    <subfield code="y">BlogForever Policies</subfield>
  </datafield>
  <datafield tag="856" ind1=" " ind2="0">
    <subfield code="u">http://blogforever.eu/work-packages-deliverables/wp4-the-blogforever-software-infrastructure/</subfield>
    <subfield code="y">BlogForever platform development</subfield>
  </datafield>
  <datafield tag="856" ind1=" " ind2="0">
    <subfield code="u">http://blogforever.eu/work-packages-deliverables/wp5-case-studies-and-validation/</subfield>
    <subfield code="y">case studies</subfield>
  </datafield>
  <datafield tag="856" ind1=" " ind2="0">
    <subfield code="u">http://blogforever.eu/work-packages-deliverables/wp6-dissemination-exploitation/</subfield>
    <subfield code="y">BlogForever business model</subfield>
  </datafield>
  <datafield tag="856" ind1=" " ind2="0">
    <subfield code="u">http://twitter.com/share?url=http://blogforever.eu/blog/2012/09/14/4th-blogforever-consortium-meeting/&amp;via=blogforever&amp;text=4th BlogForever Consortium Meeting&amp;related=:&amp;lang=en&amp;count=vertical</subfield>
    <subfield code="y">Tweet</subfield>
  </datafield>
  <datafield tag="269" ind1=" " ind2=" ">
    <subfield code="c">14.09.2012 22:40:41</subfield>
  </datafield>
  <datafield tag="520" ind1=" " ind2=" ">
    <subfield code="a">&lt;div>
							&lt;p>&lt;img title="oslo" src="http://blogforever.eu/wp-content/uploads/2012/09/oslo.jpg" alt="oslo 4th BlogForever Consortium Meeting" width="234" height="166"> The forth BlogForever Consortium Meeting took place during 10-11 September 2012 in Oslo, Norway. All project partners came together to discuss about current progress and plan for our next steps. The main topics of the meeting were:&lt;/p>
&lt;ul>
&lt;li>The development of &lt;a href="http://blogforever.eu/work-packages-deliverables/wp3-the-blogforever-policies/">BlogForever Policies&lt;/a> regarding blog preservation (WP3),&lt;/li>
&lt;li>The current progress of &lt;a href="http://blogforever.eu/work-packages-deliverables/wp4-the-blogforever-software-infrastructure/">BlogForever platform development&lt;/a> (WP4),&lt;/li>
&lt;li>The first &lt;a href="http://blogforever.eu/work-packages-deliverables/wp5-case-studies-and-validation/">case studies&lt;/a> (WP5),&lt;/li>
&lt;li>The &lt;a href="http://blogforever.eu/work-packages-deliverables/wp6-dissemination-exploitation/">BlogForever business model&lt;/a> (WP6).&lt;/li>
&lt;/ul>
&lt;div>&lt;a href="http://twitter.com/share?url=http://blogforever.eu/blog/2012/09/14/4th-blogforever-consortium-meeting/&amp;via=blogforever&amp;text=4th BlogForever Consortium Meeting&amp;related=:&amp;lang=en&amp;count=vertical" onclick="javascript:_gaq.push(['_trackEvent','outbound-article','http://twitter.com']);">Tweet&lt;/a>&lt;/div>
													&lt;/div></subfield>
    <subfield code="b">&lt;div class="post-content">
						&lt;h2 class="posttitle">&lt;a href="http://blogforever.eu/blog/2012/09/14/4th-blogforever-consortium-meeting/" rel="bookmark" title="Permanent Link to 4th BlogForever Consortium Meeting">4th BlogForever Consortium Meeting&lt;/a>&lt;/h2>

						&lt;p class="date">8:40 pm &lt;em>in &lt;a href="http://blogforever.eu/blog/category/blog/" title="View all posts in Blog" rel="category tag">Blog&lt;/a> by &lt;a href="http://blogforever.eu/members/admin/" title="Vangelis Banos">Vangelis Banos&lt;/a>&lt;/em> &lt;/p>

						&lt;div class="entry">
							&lt;p style="text-align: justify;">&lt;img class=" wp-image-940 alignleft" title="oslo" src="http://blogforever.eu/wp-content/uploads/2012/09/oslo.jpg" alt="oslo 4th BlogForever Consortium Meeting" width="234" height="166"> The forth BlogForever Consortium Meeting took place during 10-11 September 2012 in Oslo, Norway. All project partners came together to discuss about current progress and plan for our next steps. The main topics of the meeting were:&lt;/p>
&lt;ul>
&lt;li>The development of &lt;a href="http://blogforever.eu/work-packages-deliverables/wp3-the-blogforever-policies/">BlogForever Policies&lt;/a> regarding blog preservation (WP3),&lt;/li>
&lt;li>The current progress of &lt;a href="http://blogforever.eu/work-packages-deliverables/wp4-the-blogforever-software-infrastructure/">BlogForever platform development&lt;/a> (WP4),&lt;/li>
&lt;li>The first &lt;a href="http://blogforever.eu/work-packages-deliverables/wp5-case-studies-and-validation/">case studies&lt;/a> (WP5),&lt;/li>
&lt;li>The &lt;a href="http://blogforever.eu/work-packages-deliverables/wp6-dissemination-exploitation/">BlogForever business model&lt;/a> (WP6).&lt;/li>
&lt;/ul>
&lt;div style="float: right; margin-left: 10px;">&lt;a href="http://twitter.com/share?url=http://blogforever.eu/blog/2012/09/14/4th-blogforever-consortium-meeting/&amp;via=blogforever&amp;text=4th BlogForever Consortium Meeting&amp;related=:&amp;lang=en&amp;count=vertical" onclick="javascript:_gaq.push(['_trackEvent','outbound-article','http://twitter.com']);" class="twitter-share-button">Tweet&lt;/a>&lt;script type="text/javascript" src="http://platform.twitter.com/widgets.js">&lt;/script>&lt;/div>
													&lt;/div>

						&lt;p class="postmetadata">&lt;span class="tags">&lt;/span> &lt;span class="comments">&lt;a href="http://blogforever.eu/blog/2012/09/14/4th-blogforever-consortium-meeting/#respond" title="Comment on 4th BlogForever Consortium Meeting">No Comments &amp;#187;&lt;/a>&lt;/span>&lt;/p>
					&lt;/div></subfield>
    <subfield code="u">http://blogforever.eu/blog/2012/09/14/4th-blogforever-consortium-meeting/</subfield>
  </datafield>
</record>