
<record>
  <controlfield tag="001">1899</controlfield>
  <controlfield tag="002">Post_2213</controlfield>
  <controlfield tag="005">20121112155807.0</controlfield>
  <datafield tag="980" ind1=" " ind2=" ">
    <subfield code="a">BLOGPOST</subfield>
  </datafield>
  <datafield tag="245" ind1=" " ind2=" ">
    <subfield code="a">Preservation in BlogForever: an alternative view</subfield>
  </datafield>
  <datafield tag="336" ind1=" " ind2=" ">
    <subfield code="a">BLOGPOST</subfield>
  </datafield>
  <datafield tag="760" ind1=" " ind2=" ">
    <subfield code="o">http://blogforever.eu</subfield>
    <subfield code="4">BLOG</subfield>
    <subfield code="w">161</subfield>
  </datafield>
  <datafield tag="100" ind1=" " ind2=" ">
    <subfield code="a">Ed Pinsent</subfield>
  </datafield>
  <datafield tag="781" ind1=" " ind2=" ">
    <subfield code="a">Warwick Blogs, University of Warwick, http://blogs.warwick.ac.uk</subfield>
  </datafield>
  <datafield tag="856" ind1="4" ind2=" ">
    <subfield code="u">http://bf3.itc.auth.gr/record/1899/files/Post_2213.xml_mets</subfield>
  </datafield>
  <datafield tag="856" ind1=" " ind2="0">
    <subfield code="u">http://www.naa.gov.au/Images/An-approach-Green-Paper_tcm16-47161.pdf</subfield>
    <subfield code="y">performance model</subfield>
  </datafield>
  <datafield tag="856" ind1=" " ind2="0">
    <subfield code="u">http://blogforever.eu/blog/2012/04/02/blogforever-and-migration/</subfield>
    <subfield code="y">I ve suggested previously</subfield>
  </datafield>
  <datafield tag="856" ind1=" " ind2="0">
    <subfield code="u">http://twitter.com/share?url=http://blogforever.eu/blog/2012/07/23/preservation/&amp;via=blogforever&amp;text=Preservation in BlogForever: an alternative view&amp;related=:&amp;lang=en&amp;count=vertical</subfield>
    <subfield code="y">Tweet</subfield>
  </datafield>
  <datafield tag="269" ind1=" " ind2=" ">
    <subfield code="c">23.07.2012 15:51:03</subfield>
  </datafield>
  <datafield tag="520" ind1=" " ind2=" ">
    <subfield code="a">&lt;div>
							&lt;p>I&amp;#8217;d like to propose an alternative digital preservation view for the BF partners to consider.&lt;/p>
&lt;p>The preservation problem is undoubtedly going to look complicated if we concentrate on the live blogosphere. It&amp;#8217;s an environment that is full of complex behaviours and mixed content. Capturing it and replaying it presents many challenges.&lt;/p>
&lt;p>But what type of content is going into the BF repository? Not the live blogosphere. What&amp;#8217;s going in is material generated by the spider: it&amp;#8217;s no longer the live web. It&amp;#8217;s structured content, pre-processed, and parsed, fit to be read by the databases that form the heart of the BF system. If you like, the spider creates a &amp;#8220;rendition&amp;#8221; of the live web, recast into the form of a structured XML file.&lt;/p>
&lt;p>What I propose is that these renditions of blogs should become the target of preservation. This way, we would potentially have a much more manageable preservation task ahead of us, with a limited range of content and behaviours to preserve and reproduce.&lt;/p>
&lt;p>If these blog renditions are preservable, then the preservation performance we would like to replicate is the behaviour of the Invenio database, and not live web behaviour. All the preservation strategy needs to do is to guarantee that our normalised objects, and the database itself, conform to the &lt;a href="http://www.naa.gov.au/Images/An-approach-Green-Paper_tcm16-47161.pdf" onclick="javascript:_gaq.push(['_trackEvent','outbound-article','http://www.naa.gov.au']);">performance model&lt;/a>.&lt;/p>
&lt;p>When I say &amp;#8220;normalised&amp;#8221;, I mean the crawled blogs that will be recast in XML. As &lt;a href="http://blogforever.eu/blog/2012/04/02/blogforever-and-migration/">I&amp;#8217;ve suggested previously&lt;/a>, XML is already known to be a robust preservation format. We anticipate that all the non-XML content is going to be images, stylesheets, multi-media, stylesheets, and attachments. Preservation strategies for this type of content are already well understood in the digital preservation world, and we can adapt them.&lt;/p>
&lt;p>There is already a strand of the project that is concerned with migration of the database, to ensure future access and replay on applications and platforms of the future. This in itself could feasibly form the basis of the long-term preservation strategy.&lt;/p>
&lt;p>The preservation promise in our case should not guarantee to recreate the live web, rather to recreate the contents of the BF repository, and to replicate the behaviour of the BF database. After all that is the real value of what the project is offering: searchability, retrievability, and creating structure (parsed XML files) where there is little or no structure (the live blogosphere).&lt;/p>
&lt;p>Likewise it&amp;#8217;s important that the original order and arrangement of the blogs be supported. I would anticipate that this will be one of the possible views of the harvested content. If it&amp;#8217;s possible for an Invenio database query to &amp;#8220;rebuild&amp;#8221; a blog in its original order, that would be a test of whether preservation has succeeded.&lt;/p>
&lt;p>As to PREMIS metadata: in this alternative scenario the live data in the database and the preserved data are one and the same thing. In theory, we should be able to manipulate the database to devise a PREMIS &amp;#8220;view&amp;#8221; of the data, with any additional fields needed to record our preservation actions on the files.&lt;/p>
&lt;p>In short, I wonder whether the project is really doing &amp;#8220;web archiving&amp;#8221; at all? And does it matter if we aren&amp;#8217;t?&lt;/p>
&lt;p>In summary I would suggest:&lt;/p>
&lt;ul>
&lt;li>We consider the target of preservation to be crawled blogs which have been transformed into parsed XML (I anticipate that this would not invalidate the data model).&lt;/li>
&lt;li>We regard the spidering action as a form of &amp;#8220;normalisation&amp;#8221; which is an important step to transforming unmanaged blog content into a preservable package.&lt;/li>
&lt;li>Following the performance model proposed by National Archives of Australia, we declare the performance we wish to replicate is that of normalised files in the Invenio database, rather than the behaviours of individual blogs. This approach potentially makes it simpler to define &amp;#8220;significant properties&amp;#8221;; instead of trying to define the significant properties of millions of blogs and their objects, we could concentrate on the significant properties of our normalised files, and of Invenio.&lt;/li>
&lt;/ul>
&lt;div>&lt;a href="http://twitter.com/share?url=http://blogforever.eu/blog/2012/07/23/preservation/&amp;via=blogforever&amp;text=Preservation in BlogForever: an alternative view&amp;related=:&amp;lang=en&amp;count=vertical" onclick="javascript:_gaq.push(['_trackEvent','outbound-article','http://twitter.com']);">Tweet&lt;/a>&lt;/div>
													&lt;/div></subfield>
    <subfield code="b">&lt;div class="post-content">
						&lt;h2 class="posttitle">&lt;a href="http://blogforever.eu/blog/2012/07/23/preservation/" rel="bookmark" title="Permanent Link to Preservation in BlogForever: an alternative view">Preservation in BlogForever: an alternative view&lt;/a>&lt;/h2>

						&lt;p class="date">1:51 pm &lt;em>in &lt;a href="http://blogforever.eu/blog/category/blog/" title="View all posts in Blog" rel="category tag">Blog&lt;/a> by &lt;a href="http://blogforever.eu/members/edpinsent/" title="Ed Pinsent">Ed Pinsent&lt;/a>&lt;/em> &lt;/p>

						&lt;div class="entry">
							&lt;p>I&amp;#8217;d like to propose an alternative digital preservation view for the BF partners to consider.&lt;/p>
&lt;p>The preservation problem is undoubtedly going to look complicated if we concentrate on the live blogosphere. It&amp;#8217;s an environment that is full of complex behaviours and mixed content. Capturing it and replaying it presents many challenges.&lt;/p>
&lt;p>But what type of content is going into the BF repository? Not the live blogosphere. What&amp;#8217;s going in is material generated by the spider: it&amp;#8217;s no longer the live web. It&amp;#8217;s structured content, pre-processed, and parsed, fit to be read by the databases that form the heart of the BF system. If you like, the spider creates a &amp;#8220;rendition&amp;#8221; of the live web, recast into the form of a structured XML file.&lt;/p>
&lt;p>What I propose is that these renditions of blogs should become the target of preservation. This way, we would potentially have a much more manageable preservation task ahead of us, with a limited range of content and behaviours to preserve and reproduce.&lt;/p>
&lt;p>If these blog renditions are preservable, then the preservation performance we would like to replicate is the behaviour of the Invenio database, and not live web behaviour. All the preservation strategy needs to do is to guarantee that our normalised objects, and the database itself, conform to the &lt;a href="http://www.naa.gov.au/Images/An-approach-Green-Paper_tcm16-47161.pdf" onclick="javascript:_gaq.push(['_trackEvent','outbound-article','http://www.naa.gov.au']);">performance model&lt;/a>.&lt;/p>
&lt;p>When I say &amp;#8220;normalised&amp;#8221;, I mean the crawled blogs that will be recast in XML. As &lt;a href="http://blogforever.eu/blog/2012/04/02/blogforever-and-migration/">I&amp;#8217;ve suggested previously&lt;/a>, XML is already known to be a robust preservation format. We anticipate that all the non-XML content is going to be images, stylesheets, multi-media, stylesheets, and attachments. Preservation strategies for this type of content are already well understood in the digital preservation world, and we can adapt them.&lt;/p>
&lt;p>There is already a strand of the project that is concerned with migration of the database, to ensure future access and replay on applications and platforms of the future. This in itself could feasibly form the basis of the long-term preservation strategy.&lt;/p>
&lt;p>The preservation promise in our case should not guarantee to recreate the live web, rather to recreate the contents of the BF repository, and to replicate the behaviour of the BF database. After all that is the real value of what the project is offering: searchability, retrievability, and creating structure (parsed XML files) where there is little or no structure (the live blogosphere).&lt;/p>
&lt;p>Likewise it&amp;#8217;s important that the original order and arrangement of the blogs be supported. I would anticipate that this will be one of the possible views of the harvested content. If it&amp;#8217;s possible for an Invenio database query to &amp;#8220;rebuild&amp;#8221; a blog in its original order, that would be a test of whether preservation has succeeded.&lt;/p>
&lt;p>As to PREMIS metadata: in this alternative scenario the live data in the database and the preserved data are one and the same thing. In theory, we should be able to manipulate the database to devise a PREMIS &amp;#8220;view&amp;#8221; of the data, with any additional fields needed to record our preservation actions on the files.&lt;/p>
&lt;p>In short, I wonder whether the project is really doing &amp;#8220;web archiving&amp;#8221; at all? And does it matter if we aren&amp;#8217;t?&lt;/p>
&lt;p>In summary I would suggest:&lt;/p>
&lt;ul>
&lt;li>We consider the target of preservation to be crawled blogs which have been transformed into parsed XML (I anticipate that this would not invalidate the data model).&lt;/li>
&lt;li>We regard the spidering action as a form of &amp;#8220;normalisation&amp;#8221; which is an important step to transforming unmanaged blog content into a preservable package.&lt;/li>
&lt;li>Following the performance model proposed by National Archives of Australia, we declare the performance we wish to replicate is that of normalised files in the Invenio database, rather than the behaviours of individual blogs. This approach potentially makes it simpler to define &amp;#8220;significant properties&amp;#8221;; instead of trying to define the significant properties of millions of blogs and their objects, we could concentrate on the significant properties of our normalised files, and of Invenio.&lt;/li>
&lt;/ul>
&lt;div style="float: right; margin-left: 10px;">&lt;a href="http://twitter.com/share?url=http://blogforever.eu/blog/2012/07/23/preservation/&amp;via=blogforever&amp;text=Preservation in BlogForever: an alternative view&amp;related=:&amp;lang=en&amp;count=vertical" onclick="javascript:_gaq.push(['_trackEvent','outbound-article','http://twitter.com']);" class="twitter-share-button">Tweet&lt;/a>&lt;script type="text/javascript" src="http://platform.twitter.com/widgets.js">&lt;/script>&lt;/div>
													&lt;/div>

						&lt;p class="postmetadata">&lt;span class="tags">Tags: &lt;a href="http://blogforever.eu/blog/tag/blog-preservation/" rel="tag">blog preservation&lt;/a>, &lt;a href="http://blogforever.eu/blog/tag/data/" rel="tag">data&lt;/a>, &lt;a href="http://blogforever.eu/blog/tag/preservation/" rel="tag">preservation&lt;/a>&lt;br>&lt;/span> &lt;span class="comments">&lt;a href="http://blogforever.eu/blog/2012/07/23/preservation/#comments" title="Comment on Preservation in BlogForever: an alternative view">5 Comments &amp;#187;&lt;/a>&lt;/span>&lt;/p>
					&lt;/div></subfield>
    <subfield code="u">http://blogforever.eu/blog/2012/07/23/preservation/</subfield>
  </datafield>
</record>