
<record>
  <controlfield tag="001">1898</controlfield>
  <controlfield tag="002">Post_2212</controlfield>
  <controlfield tag="005">20121112155805.0</controlfield>
  <datafield tag="980" ind1=" " ind2=" ">
    <subfield code="a">BLOGPOST</subfield>
  </datafield>
  <datafield tag="245" ind1=" " ind2=" ">
    <subfield code="a">Call for Papers – World Wide Web Journal (Springer)</subfield>
  </datafield>
  <datafield tag="336" ind1=" " ind2=" ">
    <subfield code="a">BLOGPOST</subfield>
  </datafield>
  <datafield tag="760" ind1=" " ind2=" ">
    <subfield code="o">http://blogforever.eu</subfield>
    <subfield code="4">BLOG</subfield>
    <subfield code="w">161</subfield>
  </datafield>
  <datafield tag="100" ind1=" " ind2=" ">
    <subfield code="a">Vangelis Banos</subfield>
  </datafield>
  <datafield tag="781" ind1=" " ind2=" ">
    <subfield code="a">Warwick Blogs, University of Warwick, http://blogs.warwick.ac.uk</subfield>
  </datafield>
  <datafield tag="856" ind1="4" ind2=" ">
    <subfield code="u">http://bf3.itc.auth.gr/record/1898/files/Post_2212.xml_mets</subfield>
  </datafield>
  <datafield tag="856" ind1=" " ind2="0">
    <subfield code="u">http://www.springer.com/cda/content/document/cda_downloaddocument/WWWJ_CfP_06062012.pdf?SGWID=0-0-45-1333052-p35553315</subfield>
    <subfield code="y">Special Issue on Social Media Preservation and Applications (pdf)</subfield>
  </datafield>
  <datafield tag="856" ind1=" " ind2="0">
    <subfield code="u">http://wwwj.edmgr.com/</subfield>
    <subfield code="y">http://WWWJ.edmgr.com</subfield>
  </datafield>
  <datafield tag="856" ind1=" " ind2="0">
    <subfield code="u">http://twitter.com/share?url=http://blogforever.eu/blog/2012/06/17/call-for-papers-world-wide-web-journal-springer/&amp;via=blogforever&amp;text=Call for Papers - World Wide Web Journal (Springer)&amp;related=:&amp;lang=en&amp;count=vertical</subfield>
    <subfield code="y">Tweet</subfield>
  </datafield>
  <datafield tag="269" ind1=" " ind2=" ">
    <subfield code="c">17.06.2012 22:22:59</subfield>
  </datafield>
  <datafield tag="520" ind1=" " ind2=" ">
    <subfield code="a">&lt;div>
							&lt;h3>&lt;a href="http://www.springer.com/cda/content/document/cda_downloaddocument/WWWJ_CfP_06062012.pdf?SGWID=0-0-45-1333052-p35553315" onclick="javascript:_gaq.push(['_trackEvent','outbound-article','http://www.springer.com']);">Special Issue on Social Media Preservation and Applications (pdf)&lt;/a>&lt;/h3>
&lt;h3>&lt;img title="WWWJ" src="http://blogforever.eu/wp-content/uploads/2012/06/cda_displayimage.jpg" alt="cda displayimage Call for Papers   World Wide Web Journal (Springer)" width="92" height="121">&lt;/h3>
&lt;p>The rise of the blogosphere and the following explosive growth of social media applications and communities have affected greatly our culture and communications. The research community is aware of the need to preserve social media records for future generations. Thus, social media archiving and long term digital preservation has become highly relevant. The key challenges of social media preservation are expanding over many fields including Web archiving, semantic Web, digital preservation, social computing and open access.&lt;/p>
&lt;h3>Scope&lt;/h3>
&lt;p>The primary goal of this special issue is to exchange the latest fundamental advances in the state of the art and practice of social media preservation and related areas. We are interested not only in papers with algorithmic innovations, but also in leading work on applications, experimental implementations and evaluations. Areas of interest include, but are not limited to:&lt;/p>
&lt;ul>
&lt;li>Social media modeling &amp;amp; analysis&lt;/li>
&lt;li>Current state of social media and trends&lt;/li>
&lt;li>Social Web archiving&lt;/li>
&lt;li>Web digital preservation&lt;/li>
&lt;li>Social network analysis&lt;/li>
&lt;li>Web 2.0 and semantic Web&lt;/li>
&lt;li>Cultural patterns and representations&lt;/li>
&lt;li>Spam detection&lt;/li>
&lt;li>Social media content classification&lt;/li>
&lt;li>Interoperability&lt;/li>
&lt;li>Resource adaptation, allocation and delivery&lt;/li>
&lt;li>Blogs, micro-blogs, internet forums&lt;/li>
&lt;li>Topic detection&lt;/li>
&lt;li>Case studies&lt;/li>
&lt;li>Social media preservation case studies&lt;/li>
&lt;li>Archiving applications and systems&lt;/li>
&lt;li>Blog preservation technologies within applications and services&lt;/li>
&lt;li>Content refreshing, migration, replication, emulation&lt;/li>
&lt;li>Information retrieval&lt;/li>
&lt;li>Topic detection&lt;/li>
&lt;li>Metadata &amp;amp; metadata schemas&lt;/li>
&lt;li>Preservation policies&lt;/li>
&lt;li>Web digital preservation strategies&lt;/li>
&lt;li>Digital rights management&lt;/li>
&lt;/ul>
&lt;h3>Manuscript submission&lt;/h3>
&lt;p>Authors are encouraged to submit high-quality, original work that has neither appeared in, nor is under consideration by, other journals. Springer offers authors, editors and reviewers of World Wide Web Journal a Web-enabled online manuscript submission and review system. Manuscripts should be submitted to: &lt;a href="http://wwwj.edmgr.com/" onclick="javascript:_gaq.push(['_trackEvent','outbound-article','http://wwwj.edmgr.com']);">http://WWWJ.edmgr.com&lt;/a> under the article type &amp;#8216;Social Media Preservation&amp;#8217;. All submissions will be reviewed based on technical merit and relevance.&lt;/p>
&lt;h3>Schedule&lt;/h3>
&lt;p>Deadline for paper submission: November 1, 2012&lt;br>
First round notification: February 1, 2013&lt;br>
Revised version due: April 1, 2013&lt;/p>
&lt;h3>Guest Editors&lt;/h3>
&lt;p>Yannis Manolopoulos&lt;br>
Aristotle University of Thessaloniki, Greece&lt;br>
manolopo at csd.auth.gr&lt;/p>
&lt;p>Alexandra Cristea&lt;br>
University of Warwick, UK&lt;br>
A.I.Cristea at warwick.ac.uk&lt;/p>
&lt;p>Dimitrios Katsaros&lt;br>
University of Thessaly, Greece&lt;br>
dkatsar at inf.uth.gr&lt;/p>
&lt;div>&lt;a href="http://twitter.com/share?url=http://blogforever.eu/blog/2012/06/17/call-for-papers-world-wide-web-journal-springer/&amp;via=blogforever&amp;text=Call for Papers - World Wide Web Journal (Springer)&amp;related=:&amp;lang=en&amp;count=vertical" onclick="javascript:_gaq.push(['_trackEvent','outbound-article','http://twitter.com']);">Tweet&lt;/a>&lt;/div>
													&lt;/div></subfield>
    <subfield code="b">&lt;div class="post-content">
						&lt;h2 class="posttitle">&lt;a href="http://blogforever.eu/blog/2012/06/17/call-for-papers-world-wide-web-journal-springer/" rel="bookmark" title="Permanent Link to Call for Papers &amp;#8211; World Wide Web Journal (Springer)">Call for Papers &amp;#8211; World Wide Web Journal (Springer)&lt;/a>&lt;/h2>

						&lt;p class="date">8:22 pm &lt;em>in &lt;a href="http://blogforever.eu/blog/category/blog/" title="View all posts in Blog" rel="category tag">Blog&lt;/a> by &lt;a href="http://blogforever.eu/members/admin/" title="Vangelis Banos">Vangelis Banos&lt;/a>&lt;/em> &lt;/p>

						&lt;div class="entry">
							&lt;h3>&lt;a href="http://www.springer.com/cda/content/document/cda_downloaddocument/WWWJ_CfP_06062012.pdf?SGWID=0-0-45-1333052-p35553315" onclick="javascript:_gaq.push(['_trackEvent','outbound-article','http://www.springer.com']);">Special Issue on Social Media Preservation and Applications (pdf)&lt;/a>&lt;/h3>
&lt;h3>&lt;img class="alignleft  wp-image-882" title="WWWJ" src="http://blogforever.eu/wp-content/uploads/2012/06/cda_displayimage.jpg" alt="cda displayimage Call for Papers   World Wide Web Journal (Springer)" width="92" height="121">&lt;/h3>
&lt;p>The rise of the blogosphere and the following explosive growth of social media applications and communities have affected greatly our culture and communications. The research community is aware of the need to preserve social media records for future generations. Thus, social media archiving and long term digital preservation has become highly relevant. The key challenges of social media preservation are expanding over many fields including Web archiving, semantic Web, digital preservation, social computing and open access.&lt;/p>
&lt;h3>Scope&lt;/h3>
&lt;p>The primary goal of this special issue is to exchange the latest fundamental advances in the state of the art and practice of social media preservation and related areas. We are interested not only in papers with algorithmic innovations, but also in leading work on applications, experimental implementations and evaluations. Areas of interest include, but are not limited to:&lt;/p>
&lt;ul>
&lt;li>Social media modeling &amp;amp; analysis&lt;/li>
&lt;li>Current state of social media and trends&lt;/li>
&lt;li>Social Web archiving&lt;/li>
&lt;li>Web digital preservation&lt;/li>
&lt;li>Social network analysis&lt;/li>
&lt;li>Web 2.0 and semantic Web&lt;/li>
&lt;li>Cultural patterns and representations&lt;/li>
&lt;li>Spam detection&lt;/li>
&lt;li>Social media content classification&lt;/li>
&lt;li>Interoperability&lt;/li>
&lt;li>Resource adaptation, allocation and delivery&lt;/li>
&lt;li>Blogs, micro-blogs, internet forums&lt;/li>
&lt;li>Topic detection&lt;/li>
&lt;li>Case studies&lt;/li>
&lt;li>Social media preservation case studies&lt;/li>
&lt;li>Archiving applications and systems&lt;/li>
&lt;li>Blog preservation technologies within applications and services&lt;/li>
&lt;li>Content refreshing, migration, replication, emulation&lt;/li>
&lt;li>Information retrieval&lt;/li>
&lt;li>Topic detection&lt;/li>
&lt;li>Metadata &amp;amp; metadata schemas&lt;/li>
&lt;li>Preservation policies&lt;/li>
&lt;li>Web digital preservation strategies&lt;/li>
&lt;li>Digital rights management&lt;/li>
&lt;/ul>
&lt;h3>Manuscript submission&lt;/h3>
&lt;p>Authors are encouraged to submit high-quality, original work that has neither appeared in, nor is under consideration by, other journals. Springer offers authors, editors and reviewers of World Wide Web Journal a Web-enabled online manuscript submission and review system. Manuscripts should be submitted to: &lt;a href="http://wwwj.edmgr.com/" onclick="javascript:_gaq.push(['_trackEvent','outbound-article','http://wwwj.edmgr.com']);">http://WWWJ.edmgr.com&lt;/a> under the article type &amp;#8216;Social Media Preservation&amp;#8217;. All submissions will be reviewed based on technical merit and relevance.&lt;/p>
&lt;h3>Schedule&lt;/h3>
&lt;p>Deadline for paper submission: November 1, 2012&lt;br>
First round notification: February 1, 2013&lt;br>
Revised version due: April 1, 2013&lt;/p>
&lt;h3>Guest Editors&lt;/h3>
&lt;p>Yannis Manolopoulos&lt;br>
Aristotle University of Thessaloniki, Greece&lt;br>
manolopo at csd.auth.gr&lt;/p>
&lt;p>Alexandra Cristea&lt;br>
University of Warwick, UK&lt;br>
A.I.Cristea at warwick.ac.uk&lt;/p>
&lt;p>Dimitrios Katsaros&lt;br>
University of Thessaly, Greece&lt;br>
dkatsar at inf.uth.gr&lt;/p>
&lt;div style="float: right; margin-left: 10px;">&lt;a href="http://twitter.com/share?url=http://blogforever.eu/blog/2012/06/17/call-for-papers-world-wide-web-journal-springer/&amp;via=blogforever&amp;text=Call for Papers - World Wide Web Journal (Springer)&amp;related=:&amp;lang=en&amp;count=vertical" onclick="javascript:_gaq.push(['_trackEvent','outbound-article','http://twitter.com']);" class="twitter-share-button">Tweet&lt;/a>&lt;script type="text/javascript" src="http://platform.twitter.com/widgets.js">&lt;/script>&lt;/div>
													&lt;/div>

						&lt;p class="postmetadata">&lt;span class="tags">Tags: &lt;a href="http://blogforever.eu/blog/tag/journal/" rel="tag">Journal&lt;/a>, &lt;a href="http://blogforever.eu/blog/tag/wwwj/" rel="tag">WWWJ&lt;/a>&lt;br>&lt;/span> &lt;span class="comments">&lt;a href="http://blogforever.eu/blog/2012/06/17/call-for-papers-world-wide-web-journal-springer/#respond" title="Comment on Call for Papers &amp;#8211; World Wide Web Journal (Springer)">No Comments &amp;#187;&lt;/a>&lt;/span>&lt;/p>
					&lt;/div></subfield>
    <subfield code="u">http://blogforever.eu/blog/2012/06/17/call-for-papers-world-wide-web-journal-springer/</subfield>
  </datafield>
</record>