
<record>
  <controlfield tag="001">1897</controlfield>
  <controlfield tag="002">Post_2211</controlfield>
  <controlfield tag="005">20121112155803.0</controlfield>
  <datafield tag="980" ind1=" " ind2=" ">
    <subfield code="a">BLOGPOST</subfield>
  </datafield>
  <datafield tag="245" ind1=" " ind2=" ">
    <subfield code="a">BlogForever at the Long Night of Science</subfield>
  </datafield>
  <datafield tag="336" ind1=" " ind2=" ">
    <subfield code="a">BLOGPOST</subfield>
  </datafield>
  <datafield tag="760" ind1=" " ind2=" ">
    <subfield code="o">http://blogforever.eu</subfield>
    <subfield code="4">BLOG</subfield>
    <subfield code="w">161</subfield>
  </datafield>
  <datafield tag="100" ind1=" " ind2=" ">
    <subfield code="a">Hendrik</subfield>
  </datafield>
  <datafield tag="781" ind1=" " ind2=" ">
    <subfield code="a">Warwick Blogs, University of Warwick, http://blogs.warwick.ac.uk</subfield>
  </datafield>
  <datafield tag="856" ind1="4" ind2=" ">
    <subfield code="u">http://bf3.itc.auth.gr/record/1897/files/Post_2211.xml_mets</subfield>
  </datafield>
  <datafield tag="856" ind1=" " ind2="0">
    <subfield code="u">http://en.wikipedia.org/wiki/Long_Night_of_the_Sciences</subfield>
    <subfield code="y">Long Night of Science</subfield>
  </datafield>
  <datafield tag="856" ind1=" " ind2="0">
    <subfield code="u">http://www.cyberemotions.eu/</subfield>
    <subfield code="y">Cyberemotions</subfield>
    <subfield code="z">EU project Cyberemotions</subfield>
  </datafield>
  <datafield tag="856" ind1=" " ind2="0">
    <subfield code="u">http://twitter.com/share?url=http://blogforever.eu/blog/2012/06/04/blogforever-at-the-long-night-of-science/&amp;via=blogforever&amp;text=BlogForever at the Long Night of Science&amp;related=:&amp;lang=en&amp;count=vertical</subfield>
    <subfield code="y">Tweet</subfield>
  </datafield>
  <datafield tag="269" ind1=" " ind2=" ">
    <subfield code="c">04.06.2012 11:42:25</subfield>
  </datafield>
  <datafield tag="520" ind1=" " ind2=" ">
    <subfield code="a">&lt;div>
							&lt;p>Last saturday, BlogForever was present at the &lt;a href="http://en.wikipedia.org/wiki/Long_Night_of_the_Sciences" onclick="javascript:_gaq.push(['_trackEvent','outbound-article','http://en.wikipedia.org']);">Long Night of Science&lt;/a> in Berlin and explained the necessity and challenges of blog preservation as well as the objectives and the status of the project to the general public. A lot of people were interested in the project and have not realized before that information could get lost in the internet.&lt;/p>
&lt;p>&lt;img src="http://blogforever.eu/wp-content/uploads/2012/06/DSC04945-300x225.jpg" alt="DSC04945 300x225 BlogForever at the Long Night of Science" width="300" height="225" title="BlogForever at the Long Night of Science">&lt;/p>
&lt;p>We shared our booth with the EU project &lt;a title="EU project Cyberemotions" href="http://www.cyberemotions.eu/" onclick="javascript:_gaq.push(['_trackEvent','outbound-article','http://www.cyberemotions.eu']);">Cyberemotions&lt;/a> that examines and visualizes sentiments in e-communities.&lt;/p>
&lt;div>&lt;a href="http://twitter.com/share?url=http://blogforever.eu/blog/2012/06/04/blogforever-at-the-long-night-of-science/&amp;via=blogforever&amp;text=BlogForever at the Long Night of Science&amp;related=:&amp;lang=en&amp;count=vertical" onclick="javascript:_gaq.push(['_trackEvent','outbound-article','http://twitter.com']);">Tweet&lt;/a>&lt;/div>
													&lt;/div></subfield>
    <subfield code="b">&lt;div class="post-content">
						&lt;h2 class="posttitle">&lt;a href="http://blogforever.eu/blog/2012/06/04/blogforever-at-the-long-night-of-science/" rel="bookmark" title="Permanent Link to BlogForever at the Long Night of Science">BlogForever at the Long Night of Science&lt;/a>&lt;/h2>

						&lt;p class="date">9:42 am &lt;em>in &lt;a href="http://blogforever.eu/blog/category/blog/" title="View all posts in Blog" rel="category tag">Blog&lt;/a>, &lt;a href="http://blogforever.eu/blog/category/events/" title="View all posts in Events" rel="category tag">Events&lt;/a> by &lt;a href="http://blogforever.eu/members/hendrik/" title="Hendrik">Hendrik&lt;/a>&lt;/em> &lt;/p>

						&lt;div class="entry">
							&lt;p>Last saturday, BlogForever was present at the &lt;a href="http://en.wikipedia.org/wiki/Long_Night_of_the_Sciences" onclick="javascript:_gaq.push(['_trackEvent','outbound-article','http://en.wikipedia.org']);">Long Night of Science&lt;/a> in Berlin and explained the necessity and challenges of blog preservation as well as the objectives and the status of the project to the general public. A lot of people were interested in the project and have not realized before that information could get lost in the internet.&lt;/p>
&lt;p>&lt;img class="alignnone size-medium wp-image-875" src="http://blogforever.eu/wp-content/uploads/2012/06/DSC04945-300x225.jpg" alt="DSC04945 300x225 BlogForever at the Long Night of Science" width="300" height="225" title="BlogForever at the Long Night of Science">&lt;/p>
&lt;p>We shared our booth with the EU project &lt;a title="EU project Cyberemotions" href="http://www.cyberemotions.eu/" onclick="javascript:_gaq.push(['_trackEvent','outbound-article','http://www.cyberemotions.eu']);">Cyberemotions&lt;/a> that examines and visualizes sentiments in e-communities.&lt;/p>
&lt;div style="float: right; margin-left: 10px;">&lt;a href="http://twitter.com/share?url=http://blogforever.eu/blog/2012/06/04/blogforever-at-the-long-night-of-science/&amp;via=blogforever&amp;text=BlogForever at the Long Night of Science&amp;related=:&amp;lang=en&amp;count=vertical" onclick="javascript:_gaq.push(['_trackEvent','outbound-article','http://twitter.com']);" class="twitter-share-button">Tweet&lt;/a>&lt;script type="text/javascript" src="http://platform.twitter.com/widgets.js">&lt;/script>&lt;/div>
													&lt;/div>

						&lt;p class="postmetadata">&lt;span class="tags">&lt;/span> &lt;span class="comments">&lt;a href="http://blogforever.eu/blog/2012/06/04/blogforever-at-the-long-night-of-science/#respond" title="Comment on BlogForever at the Long Night of Science">No Comments &amp;#187;&lt;/a>&lt;/span>&lt;/p>
					&lt;/div></subfield>
    <subfield code="u">http://blogforever.eu/blog/2012/06/04/blogforever-at-the-long-night-of-science/</subfield>
  </datafield>
</record>