
<record>
  <controlfield tag="001">1895</controlfield>
  <controlfield tag="002">Post_2209</controlfield>
  <controlfield tag="005">20121112155801.0</controlfield>
  <datafield tag="980" ind1=" " ind2=" ">
    <subfield code="a">BLOGPOST</subfield>
  </datafield>
  <datafield tag="245" ind1=" " ind2=" ">
    <subfield code="a">BlogForever at re:publica 2012</subfield>
  </datafield>
  <datafield tag="336" ind1=" " ind2=" ">
    <subfield code="a">BLOGPOST</subfield>
  </datafield>
  <datafield tag="760" ind1=" " ind2=" ">
    <subfield code="o">http://blogforever.eu</subfield>
    <subfield code="4">BLOG</subfield>
    <subfield code="w">161</subfield>
  </datafield>
  <datafield tag="100" ind1=" " ind2=" ">
    <subfield code="a">Tracie Farrell</subfield>
  </datafield>
  <datafield tag="781" ind1=" " ind2=" ">
    <subfield code="a">Warwick Blogs, University of Warwick, http://blogs.warwick.ac.uk</subfield>
  </datafield>
  <datafield tag="856" ind1="4" ind2=" ">
    <subfield code="u">http://bf3.itc.auth.gr/record/1895/files/Post_2209.xml_mets</subfield>
  </datafield>
  <datafield tag="856" ind1=" " ind2="0">
    <subfield code="u">http://twitter.com/share?url=http://blogforever.eu/blog/2012/05/04/blogforever-at-republica-2012/&amp;via=blogforever&amp;text=BlogForever at re:publica 2012&amp;related=:&amp;lang=en&amp;count=vertical</subfield>
    <subfield code="y">Tweet</subfield>
  </datafield>
  <datafield tag="269" ind1=" " ind2=" ">
    <subfield code="c">04.05.2012 12:33:18</subfield>
  </datafield>
  <datafield tag="520" ind1=" " ind2=" ">
    <subfield code="a">&lt;div>
							&lt;p>BlogForever hosted a small session yesterday afternoon at re:publica, Germany&amp;#8217;s largest blogging and social media conference with more than 4,000 visitors from over 30 countries (http://re-publica.de/12/).  Our session was related to the urgency of blog preservation and other relevant themes in digital archiving. As we get closer and closer to our final software, we keep in mind the purpose of taking on such a task: to prevent the loss of social, cultural and historical artifacts contained within the Blogosphere and to preserve them for future generations.&lt;br>
&lt;img src="http://blogforever.eu/wp-content/uploads/2012/05/hendrik-kalb-at-republica-300x235.jpg" alt="hendrik kalb at republica 300x235 BlogForever at re:publica 2012" width="300" height="235" title="BlogForever at re:publica 2012">&lt;br>
We asked our visitors, what if Anne Frank&amp;#8217;s diary had been a blog? What if Leonardo Da Vinci had kept his notes and sketches in blog format? What if Martin Luther had presented his critiques of the church on his blog instead of nailing them to the church doors? Understanding that it is difficult to know what should be preserved, or what will be important for the future, the time is still now to think of solutions and implement them &amp;#8211; if we want to to avoid losses. We have enough examples of how failure to act has cost us valuable insights into our past and even our current understanding of the world.&lt;/p>
&lt;p>During our session, we heard several stories about &amp;#8220;lost blogs&amp;#8221;, blogs that are no longer accessible because their authors have passed away, or have moved on from the blogging community. Some blogs were removed because the authors no longer had the rights to the content (as with some government or business blogs upon staff changes). We also shared some examples of blogs that simply disappeared under somewhat dubious circumstances involving third parties (see one example here: http://techcrunch.com/2011/08/23/fukushima-robot-operators-blog-deleted-internet-steps-in/). Our discussion of digital loss was not limited to blogs, but also included some of the early online communities that wound up scattered into the digital wind due to reductions in software support or format changes (see the closing of GeoCities in 2009 http://techcrunch.com/2009/04/23/yahoo-quietly-pulls-the-plug-on-geocities/). All of these stories remind us that our digital heritage, both on a personal or cultural level, is every bit as valuable as the many collections of letters, diaries, first editions, newspapers and other artifacts we preserve in physical form. Blogs, as one of the more complex and multifaceted forms of digital media, require quite a bit more attention to ensure their authentic and robust preservation.&lt;/p>
&lt;p>To preserve blogs, one needs a software solution that will be able to respond quickly to dynamic shifts in world politics, science and culture &amp;#8211; a solution that will allow us to develop blog archives that are valuable now. The solution must also be able to manage the development of technology and software redundancies &amp;#8211; a solution that will ensure the safe preservation of digital artifacts well into the future. Curators, as well, will need certain tools and policy guidelines to help them manage the specific challenges associated with blog preservation.&lt;/p>
&lt;p>We presented BlogForever as the software solution that will meet all of those criteria and do so in a way that is efficient, effective and user friendly.&lt;/p>
&lt;p>Those individuals that we spoke with are excited about the project and see its value, not only for digital libraries and academic institutions but also for the general public.&lt;/p>
&lt;div>&lt;a href="http://twitter.com/share?url=http://blogforever.eu/blog/2012/05/04/blogforever-at-republica-2012/&amp;via=blogforever&amp;text=BlogForever at re:publica 2012&amp;related=:&amp;lang=en&amp;count=vertical" onclick="javascript:_gaq.push(['_trackEvent','outbound-article','http://twitter.com']);">Tweet&lt;/a>&lt;/div>
													&lt;/div></subfield>
    <subfield code="b">&lt;div class="post-content">
						&lt;h2 class="posttitle">&lt;a href="http://blogforever.eu/blog/2012/05/04/blogforever-at-republica-2012/" rel="bookmark" title="Permanent Link to BlogForever at re:publica 2012">BlogForever at re:publica 2012&lt;/a>&lt;/h2>

						&lt;p class="date">10:33 am &lt;em>in &lt;a href="http://blogforever.eu/blog/category/blog/" title="View all posts in Blog" rel="category tag">Blog&lt;/a>, &lt;a href="http://blogforever.eu/blog/category/events/" title="View all posts in Events" rel="category tag">Events&lt;/a> by &lt;a href="http://blogforever.eu/members/tracie/" title="Tracie Farrell">Tracie Farrell&lt;/a>&lt;/em> &lt;/p>

						&lt;div class="entry">
							&lt;p>BlogForever hosted a small session yesterday afternoon at re:publica, Germany&amp;#8217;s largest blogging and social media conference with more than 4,000 visitors from over 30 countries (http://re-publica.de/12/).  Our session was related to the urgency of blog preservation and other relevant themes in digital archiving. As we get closer and closer to our final software, we keep in mind the purpose of taking on such a task: to prevent the loss of social, cultural and historical artifacts contained within the Blogosphere and to preserve them for future generations.&lt;br>
&lt;img class="alignright  wp-image-867" src="http://blogforever.eu/wp-content/uploads/2012/05/hendrik-kalb-at-republica-300x235.jpg" alt="hendrik kalb at republica 300x235 BlogForever at re:publica 2012" width="300" height="235" title="BlogForever at re:publica 2012">&lt;br>
We asked our visitors, what if Anne Frank&amp;#8217;s diary had been a blog? What if Leonardo Da Vinci had kept his notes and sketches in blog format? What if Martin Luther had presented his critiques of the church on his blog instead of nailing them to the church doors? Understanding that it is difficult to know what should be preserved, or what will be important for the future, the time is still now to think of solutions and implement them &amp;#8211; if we want to to avoid losses. We have enough examples of how failure to act has cost us valuable insights into our past and even our current understanding of the world.&lt;/p>
&lt;p>During our session, we heard several stories about &amp;#8220;lost blogs&amp;#8221;, blogs that are no longer accessible because their authors have passed away, or have moved on from the blogging community. Some blogs were removed because the authors no longer had the rights to the content (as with some government or business blogs upon staff changes). We also shared some examples of blogs that simply disappeared under somewhat dubious circumstances involving third parties (see one example here: http://techcrunch.com/2011/08/23/fukushima-robot-operators-blog-deleted-internet-steps-in/). Our discussion of digital loss was not limited to blogs, but also included some of the early online communities that wound up scattered into the digital wind due to reductions in software support or format changes (see the closing of GeoCities in 2009 http://techcrunch.com/2009/04/23/yahoo-quietly-pulls-the-plug-on-geocities/). All of these stories remind us that our digital heritage, both on a personal or cultural level, is every bit as valuable as the many collections of letters, diaries, first editions, newspapers and other artifacts we preserve in physical form. Blogs, as one of the more complex and multifaceted forms of digital media, require quite a bit more attention to ensure their authentic and robust preservation.&lt;/p>
&lt;p>To preserve blogs, one needs a software solution that will be able to respond quickly to dynamic shifts in world politics, science and culture &amp;#8211; a solution that will allow us to develop blog archives that are valuable now. The solution must also be able to manage the development of technology and software redundancies &amp;#8211; a solution that will ensure the safe preservation of digital artifacts well into the future. Curators, as well, will need certain tools and policy guidelines to help them manage the specific challenges associated with blog preservation.&lt;/p>
&lt;p>We presented BlogForever as the software solution that will meet all of those criteria and do so in a way that is efficient, effective and user friendly.&lt;/p>
&lt;p>Those individuals that we spoke with are excited about the project and see its value, not only for digital libraries and academic institutions but also for the general public.&lt;/p>
&lt;div style="float: right; margin-left: 10px;">&lt;a href="http://twitter.com/share?url=http://blogforever.eu/blog/2012/05/04/blogforever-at-republica-2012/&amp;via=blogforever&amp;text=BlogForever at re:publica 2012&amp;related=:&amp;lang=en&amp;count=vertical" onclick="javascript:_gaq.push(['_trackEvent','outbound-article','http://twitter.com']);" class="twitter-share-button">Tweet&lt;/a>&lt;script type="text/javascript" src="http://platform.twitter.com/widgets.js">&lt;/script>&lt;/div>
													&lt;/div>

						&lt;p class="postmetadata">&lt;span class="tags">&lt;/span> &lt;span class="comments">&lt;a href="http://blogforever.eu/blog/2012/05/04/blogforever-at-republica-2012/#comments" title="Comment on BlogForever at re:publica 2012">1 Comment &amp;#187;&lt;/a>&lt;/span>&lt;/p>
					&lt;/div></subfield>
    <subfield code="u">http://blogforever.eu/blog/2012/05/04/blogforever-at-republica-2012/</subfield>
  </datafield>
</record>