
<record>
  <controlfield tag="001">1894</controlfield>
  <controlfield tag="002">Post_2208</controlfield>
  <controlfield tag="005">20121112155759.0</controlfield>
  <datafield tag="980" ind1=" " ind2=" ">
    <subfield code="a">BLOGPOST</subfield>
  </datafield>
  <datafield tag="245" ind1=" " ind2=" ">
    <subfield code="a">The Blogosphere as Œuvre – Paper accepted at ECIS 2012</subfield>
  </datafield>
  <datafield tag="336" ind1=" " ind2=" ">
    <subfield code="a">BLOGPOST</subfield>
  </datafield>
  <datafield tag="760" ind1=" " ind2=" ">
    <subfield code="o">http://blogforever.eu</subfield>
    <subfield code="4">BLOG</subfield>
    <subfield code="w">161</subfield>
  </datafield>
  <datafield tag="100" ind1=" " ind2=" ">
    <subfield code="a">Hendrik</subfield>
  </datafield>
  <datafield tag="781" ind1=" " ind2=" ">
    <subfield code="a">Warwick Blogs, University of Warwick, http://blogs.warwick.ac.uk</subfield>
  </datafield>
  <datafield tag="856" ind1="4" ind2=" ">
    <subfield code="u">http://bf3.itc.auth.gr/record/1894/files/Post_2208.xml_mets</subfield>
  </datafield>
  <datafield tag="856" ind1=" " ind2="0">
    <subfield code="u">http://www.ecis2012.eu/</subfield>
    <subfield code="y">European Conference on Information Systems</subfield>
    <subfield code="z">ECIS 2012</subfield>
  </datafield>
  <datafield tag="856" ind1=" " ind2="0">
    <subfield code="u">http://twitter.com/share?url=http://blogforever.eu/blog/2012/04/10/the-blogosphere-as-oeuvre-paper-accepted-at-ecis-2012/&amp;via=blogforever&amp;text=The Blogosphere as Œuvre - Paper accepted at ECIS 2012&amp;related=:&amp;lang=en&amp;count=vertical</subfield>
    <subfield code="y">Tweet</subfield>
  </datafield>
  <datafield tag="269" ind1=" " ind2=" ">
    <subfield code="c">10.04.2012 11:23:48</subfield>
  </datafield>
  <datafield tag="520" ind1=" " ind2=" ">
    <subfield code="a">&lt;div>
							&lt;p>A paper with the title &amp;#8220;&lt;strong>The Blogosphere as Œuvre: Individual and collective influences on bloggers&lt;/strong>&amp;#8221; has been accepted in the &lt;a title="ECIS 2012" href="http://www.ecis2012.eu/" onclick="javascript:_gaq.push(['_trackEvent','outbound-article','http://www.ecis2012.eu']);">European Conference on Information Systems&lt;/a>, to be held on 11-13 June 2012 in Barcelona, Spain.&lt;/p>
&lt;p>&lt;em>&lt;strong>Authors&lt;/strong>&lt;/em>: Hendrik Kalb, Matthias Trier&lt;/p>
&lt;p>&lt;em>&lt;strong>Abstract&lt;/strong>&lt;/em>: Blogging has often been described as writing an online diary but, nowadays, it is more diverse and a considerable amount of blogs forms a common interconnected resource – the blogosphere – with comprehensive societal impact. While various studies have inquired social-psychological influences on the intention to contribute to an individual blog, the perceptions related to creating such a common valuable good have not yet been focussed. Therefore, we introduce a new construct – the œuvre of blogging – to better account for the notion of the blogosphere as a collective outcome. Furthermore, we propose a research model to inquire the influence of individual and collective beliefs on the œuvre in comparison to short-term blogging activity. We conducted an online survey with 509 international distributed bloggers to test our model. The results of our study provide support for the importance of an œuvre construct to explain influences on bloggers and blogging.&lt;/p>
&lt;p>&lt;em>&lt;strong>Keywords&lt;/strong>&lt;/em>: Blog, Blogosphere, Collective benefit, PLS, Knowledge Sharing&lt;/p>
&lt;div>&lt;a href="http://twitter.com/share?url=http://blogforever.eu/blog/2012/04/10/the-blogosphere-as-oeuvre-paper-accepted-at-ecis-2012/&amp;via=blogforever&amp;text=The Blogosphere as Œuvre - Paper accepted at ECIS 2012&amp;related=:&amp;lang=en&amp;count=vertical" onclick="javascript:_gaq.push(['_trackEvent','outbound-article','http://twitter.com']);">Tweet&lt;/a>&lt;/div>
													&lt;/div></subfield>
    <subfield code="b">&lt;div class="post-content">
						&lt;h2 class="posttitle">&lt;a href="http://blogforever.eu/blog/2012/04/10/the-blogosphere-as-oeuvre-paper-accepted-at-ecis-2012/" rel="bookmark" title="Permanent Link to The Blogosphere as Œuvre &amp;#8211; Paper accepted at ECIS 2012">The Blogosphere as Œuvre &amp;#8211; Paper accepted at ECIS 2012&lt;/a>&lt;/h2>

						&lt;p class="date">9:23 am &lt;em>in &lt;a href="http://blogforever.eu/blog/category/blog/" title="View all posts in Blog" rel="category tag">Blog&lt;/a>, &lt;a href="http://blogforever.eu/blog/category/publications/" title="View all posts in Publications" rel="category tag">Publications&lt;/a> by &lt;a href="http://blogforever.eu/members/hendrik/" title="Hendrik">Hendrik&lt;/a>&lt;/em> &lt;/p>

						&lt;div class="entry">
							&lt;p>A paper with the title &amp;#8220;&lt;strong>The Blogosphere as Œuvre: Individual and collective influences on bloggers&lt;/strong>&amp;#8221; has been accepted in the &lt;a title="ECIS 2012" href="http://www.ecis2012.eu/" onclick="javascript:_gaq.push(['_trackEvent','outbound-article','http://www.ecis2012.eu']);" class="broken_link">European Conference on Information Systems&lt;/a>, to be held on 11-13 June 2012 in Barcelona, Spain.&lt;/p>
&lt;p>&lt;em>&lt;strong>Authors&lt;/strong>&lt;/em>: Hendrik Kalb, Matthias Trier&lt;/p>
&lt;p>&lt;em>&lt;strong>Abstract&lt;/strong>&lt;/em>: Blogging has often been described as writing an online diary but, nowadays, it is more diverse and a considerable amount of blogs forms a common interconnected resource – the blogosphere – with comprehensive societal impact. While various studies have inquired social-psychological influences on the intention to contribute to an individual blog, the perceptions related to creating such a common valuable good have not yet been focussed. Therefore, we introduce a new construct – the œuvre of blogging – to better account for the notion of the blogosphere as a collective outcome. Furthermore, we propose a research model to inquire the influence of individual and collective beliefs on the œuvre in comparison to short-term blogging activity. We conducted an online survey with 509 international distributed bloggers to test our model. The results of our study provide support for the importance of an œuvre construct to explain influences on bloggers and blogging.&lt;/p>
&lt;p>&lt;em>&lt;strong>Keywords&lt;/strong>&lt;/em>: Blog, Blogosphere, Collective benefit, PLS, Knowledge Sharing&lt;/p>
&lt;div style="float: right; margin-left: 10px;">&lt;a href="http://twitter.com/share?url=http://blogforever.eu/blog/2012/04/10/the-blogosphere-as-oeuvre-paper-accepted-at-ecis-2012/&amp;via=blogforever&amp;text=The Blogosphere as Œuvre - Paper accepted at ECIS 2012&amp;related=:&amp;lang=en&amp;count=vertical" onclick="javascript:_gaq.push(['_trackEvent','outbound-article','http://twitter.com']);" class="twitter-share-button">Tweet&lt;/a>&lt;script type="text/javascript" src="http://platform.twitter.com/widgets.js">&lt;/script>&lt;/div>
													&lt;/div>

						&lt;p class="postmetadata">&lt;span class="tags">&lt;/span> &lt;span class="comments">&lt;a href="http://blogforever.eu/blog/2012/04/10/the-blogosphere-as-oeuvre-paper-accepted-at-ecis-2012/#respond" title="Comment on The Blogosphere as Œuvre &amp;#8211; Paper accepted at ECIS 2012">No Comments &amp;#187;&lt;/a>&lt;/span>&lt;/p>
					&lt;/div></subfield>
    <subfield code="u">http://blogforever.eu/blog/2012/04/10/the-blogosphere-as-oeuvre-paper-accepted-at-ecis-2012/</subfield>
  </datafield>
</record>