
<record>
  <controlfield tag="001">1893</controlfield>
  <controlfield tag="002">Post_2207</controlfield>
  <controlfield tag="005">20121112155757.0</controlfield>
  <datafield tag="980" ind1=" " ind2=" ">
    <subfield code="a">BLOGPOST</subfield>
  </datafield>
  <datafield tag="245" ind1=" " ind2=" ">
    <subfield code="a">BlogForever and migration</subfield>
  </datafield>
  <datafield tag="336" ind1=" " ind2=" ">
    <subfield code="a">BLOGPOST</subfield>
  </datafield>
  <datafield tag="760" ind1=" " ind2=" ">
    <subfield code="o">http://blogforever.eu</subfield>
    <subfield code="4">BLOG</subfield>
    <subfield code="w">161</subfield>
  </datafield>
  <datafield tag="100" ind1=" " ind2=" ">
    <subfield code="a">Ed Pinsent</subfield>
  </datafield>
  <datafield tag="781" ind1=" " ind2=" ">
    <subfield code="a">Warwick Blogs, University of Warwick, http://blogs.warwick.ac.uk</subfield>
  </datafield>
  <datafield tag="856" ind1="4" ind2=" ">
    <subfield code="u">http://bf3.itc.auth.gr/record/1893/files/Post_2207.xml_mets</subfield>
  </datafield>
  <datafield tag="856" ind1=" " ind2="0">
    <subfield code="u">http://en.wikipedia.org/wiki/Open_Archival_Information_System</subfield>
    <subfield code="y">OAIS model</subfield>
  </datafield>
  <datafield tag="856" ind1=" " ind2="0">
    <subfield code="u">http://blogforever.eu/partners/185-2/</subfield>
    <subfield code="y">CyberWatcher</subfield>
  </datafield>
  <datafield tag="856" ind1=" " ind2="0">
    <subfield code="u">http://www.loc.gov/standards/premis/</subfield>
    <subfield code="y">PREMIS</subfield>
  </datafield>
  <datafield tag="856" ind1=" " ind2="0">
    <subfield code="u">http://blogforever.eu/wp-content/uploads/2011/11/BlogForever_D4_1_UserRequirementsAndPlatformSpecifications.pdf</subfield>
    <subfield code="y">D4.1 user requirements</subfield>
  </datafield>
  <datafield tag="856" ind1=" " ind2="0">
    <subfield code="u">http://twitter.com/share?url=http://blogforever.eu/blog/2012/04/02/blogforever-and-migration/&amp;via=blogforever&amp;text=BlogForever and migration&amp;related=:&amp;lang=en&amp;count=vertical</subfield>
    <subfield code="y">Tweet</subfield>
  </datafield>
  <datafield tag="269" ind1=" " ind2=" ">
    <subfield code="c">02.04.2012 11:02:19</subfield>
  </datafield>
  <datafield tag="520" ind1=" " ind2=" ">
    <subfield code="a">&lt;div>
							&lt;p>Recently I have been putting together my report on the extent to which the BlogForever platform operates within the framework of the &lt;a href="http://en.wikipedia.org/wiki/Open_Archival_Information_System" onclick="javascript:_gaq.push(['_trackEvent','outbound-article','http://en.wikipedia.org']);">OAIS model&lt;/a>. Inevitably, I have thought a bit about migration as one of the potential approaches we could use to preserve blog content.&lt;/p>
&lt;p>Migration is the process whereby we preserve data by shifting it from one file format to another. We usually do this when the &amp;#8220;old&amp;#8221; format is in danger of obsolescence for a variety of reasons, while the &amp;#8220;target&amp;#8221; format is something we think we can depend on for a longer period of time. This strategy works well for relatively static document-like content, such as format-shifting a text file onto PDF.&lt;/p>
&lt;p>The problem with blogs, and indeed all web content, is when we start thinking of the content exclusively in terms of file formats. The content of a blog could be said to reside in multiple formats, not just one; and even if we format-shift all the files we gather, does that really constitute preservation?&lt;/p>
&lt;p>With BlogForever, we&amp;#8217;re going for an approach to capture and ingest which seems to have two discrete strands to it. &lt;/p>
&lt;p>(1) We will be gathering and keeping the content in its &amp;#8220;original&amp;#8221; native formats, such as HTML, images files, CSS etc. At time of writing, the current plan is that we will have a repository record for each ingested blog post and all its associated files (original images, CSS, PDF, etc.) will be connected with this record. These separate files will be preserved and presumably migrated over time, if some of these native formats acquire &amp;#8220;at risk&amp;#8221; status.&lt;/p>
&lt;p>(2) We are also going to create an XML file (complete with all detected Blog Data Model elements) from each blog post we are aggregating. What interests me here is that in this strand, an archived blog is being captured and submitted as a stream of data, rather than a file format. It so happens the format for storing that data-stream is going to be XML. The &lt;a href="http://blogforever.eu/partners/185-2/">CyberWatcher&lt;/a> spider is capable of harvesting blog content by harnessing the RSS feed from a blog, and by using blog-specific monitoring technologies like blog pings; and it also performs a complex parsing of the data it finds. The end result is a large chunk of &amp;#8220;live&amp;#8221; blog content, stored in an XML file. &lt;/p>
&lt;p>Two things are of interest here. One is that the spider is already performing a form of migration, or transformation, simply by the action of harvesting the blog. Secondly, it&amp;#8217;s migrating to XML, which is something we already know to be a very robust and versatile preservation format, more so even than a non-proprietary tabular format such as CSV. The added value of XML is the possibility of easily storing more complex data structures and multiple values.&lt;/p>
&lt;p>If that assumption about the spider is correct, perhaps we need to start thinking of it as a transformation / validation tool. The more familiar digital preservation workflow assumes that migration will probably happen some time &lt;em>after&lt;/em> the content has been ingested; what if migration is happening &lt;em>before&lt;/em> ingest? We&amp;#8217;re already actively considering the use of the preservation metadata standard &lt;a href="http://www.loc.gov/standards/premis/" onclick="javascript:_gaq.push(['_trackEvent','outbound-article','http://www.loc.gov']);">PREMIS&lt;/a> to document our preservation actions. Maybe the first place to use PREMIS is on the spider itself, picking up some technical metadata and logs on the way the spider is performing. Indeed, some of the &lt;a href="http://blogforever.eu/wp-content/uploads/2011/11/BlogForever_D4_1_UserRequirementsAndPlatformSpecifications.pdf">D4.1 user requirements&lt;/a> refer to this: DR6 &amp;#8216;Metadata for captured Contents&amp;#8217; and DR17 &amp;#8216;Metadata for Blogs&amp;#8217;.&lt;/p>
&lt;p>We anticipate the submitted XML is going to be further transformed in the Invenio repository via its databases, and various metadata additions and modifications will transform it from a Submission Information Package into an Archival Information Package and a Dissemination Information Package. As far as I can see though, the XML format remains in use throughout these processes. It feels as though the BlogForever workflow could have a credible preservation process hard-wired into it, and that (apart from making Archival Information Packages, backing-up and keeping the databases free from corruption) very little is needed from us in the way of migration interventions.&lt;/p>
&lt;p>It also feels as though it would be much easier to test this methodology; the focus of the testing becomes the spider&amp;gt;XML&amp;gt;repository&amp;gt;database workflow, rather than a question of juggling multiple strategies and testing them against file formats and/or significant properties. Of course, migration would still need to apply to the original native file formats we have captured, and this would probably need to be part of our preservation strategy. But it&amp;#8217;s the XML renditions which most users of BlogForever will be experiencing.&lt;/p>
&lt;div>&lt;a href="http://twitter.com/share?url=http://blogforever.eu/blog/2012/04/02/blogforever-and-migration/&amp;via=blogforever&amp;text=BlogForever and migration&amp;related=:&amp;lang=en&amp;count=vertical" onclick="javascript:_gaq.push(['_trackEvent','outbound-article','http://twitter.com']);">Tweet&lt;/a>&lt;/div>
													&lt;/div></subfield>
    <subfield code="b">&lt;div class="post-content">
						&lt;h2 class="posttitle">&lt;a href="http://blogforever.eu/blog/2012/04/02/blogforever-and-migration/" rel="bookmark" title="Permanent Link to BlogForever and migration">BlogForever and migration&lt;/a>&lt;/h2>

						&lt;p class="date">9:02 am &lt;em>in &lt;a href="http://blogforever.eu/blog/category/blog/" title="View all posts in Blog" rel="category tag">Blog&lt;/a> by &lt;a href="http://blogforever.eu/members/edpinsent/" title="Ed Pinsent">Ed Pinsent&lt;/a>&lt;/em> &lt;/p>

						&lt;div class="entry">
							&lt;p>Recently I have been putting together my report on the extent to which the BlogForever platform operates within the framework of the &lt;a href="http://en.wikipedia.org/wiki/Open_Archival_Information_System" onclick="javascript:_gaq.push(['_trackEvent','outbound-article','http://en.wikipedia.org']);">OAIS model&lt;/a>. Inevitably, I have thought a bit about migration as one of the potential approaches we could use to preserve blog content.&lt;/p>
&lt;p>Migration is the process whereby we preserve data by shifting it from one file format to another. We usually do this when the &amp;#8220;old&amp;#8221; format is in danger of obsolescence for a variety of reasons, while the &amp;#8220;target&amp;#8221; format is something we think we can depend on for a longer period of time. This strategy works well for relatively static document-like content, such as format-shifting a text file onto PDF.&lt;/p>
&lt;p>The problem with blogs, and indeed all web content, is when we start thinking of the content exclusively in terms of file formats. The content of a blog could be said to reside in multiple formats, not just one; and even if we format-shift all the files we gather, does that really constitute preservation?&lt;/p>
&lt;p>With BlogForever, we&amp;#8217;re going for an approach to capture and ingest which seems to have two discrete strands to it. &lt;/p>
&lt;p>(1) We will be gathering and keeping the content in its &amp;#8220;original&amp;#8221; native formats, such as HTML, images files, CSS etc. At time of writing, the current plan is that we will have a repository record for each ingested blog post and all its associated files (original images, CSS, PDF, etc.) will be connected with this record. These separate files will be preserved and presumably migrated over time, if some of these native formats acquire &amp;#8220;at risk&amp;#8221; status.&lt;/p>
&lt;p>(2) We are also going to create an XML file (complete with all detected Blog Data Model elements) from each blog post we are aggregating. What interests me here is that in this strand, an archived blog is being captured and submitted as a stream of data, rather than a file format. It so happens the format for storing that data-stream is going to be XML. The &lt;a href="http://blogforever.eu/partners/185-2/">CyberWatcher&lt;/a> spider is capable of harvesting blog content by harnessing the RSS feed from a blog, and by using blog-specific monitoring technologies like blog pings; and it also performs a complex parsing of the data it finds. The end result is a large chunk of &amp;#8220;live&amp;#8221; blog content, stored in an XML file. &lt;/p>
&lt;p>Two things are of interest here. One is that the spider is already performing a form of migration, or transformation, simply by the action of harvesting the blog. Secondly, it&amp;#8217;s migrating to XML, which is something we already know to be a very robust and versatile preservation format, more so even than a non-proprietary tabular format such as CSV. The added value of XML is the possibility of easily storing more complex data structures and multiple values.&lt;/p>
&lt;p>If that assumption about the spider is correct, perhaps we need to start thinking of it as a transformation / validation tool. The more familiar digital preservation workflow assumes that migration will probably happen some time &lt;em>after&lt;/em> the content has been ingested; what if migration is happening &lt;em>before&lt;/em> ingest? We&amp;#8217;re already actively considering the use of the preservation metadata standard &lt;a href="http://www.loc.gov/standards/premis/" onclick="javascript:_gaq.push(['_trackEvent','outbound-article','http://www.loc.gov']);">PREMIS&lt;/a> to document our preservation actions. Maybe the first place to use PREMIS is on the spider itself, picking up some technical metadata and logs on the way the spider is performing. Indeed, some of the &lt;a href="http://blogforever.eu/wp-content/uploads/2011/11/BlogForever_D4_1_UserRequirementsAndPlatformSpecifications.pdf">D4.1 user requirements&lt;/a> refer to this: DR6 &amp;#8216;Metadata for captured Contents&amp;#8217; and DR17 &amp;#8216;Metadata for Blogs&amp;#8217;.&lt;/p>
&lt;p>We anticipate the submitted XML is going to be further transformed in the Invenio repository via its databases, and various metadata additions and modifications will transform it from a Submission Information Package into an Archival Information Package and a Dissemination Information Package. As far as I can see though, the XML format remains in use throughout these processes. It feels as though the BlogForever workflow could have a credible preservation process hard-wired into it, and that (apart from making Archival Information Packages, backing-up and keeping the databases free from corruption) very little is needed from us in the way of migration interventions.&lt;/p>
&lt;p>It also feels as though it would be much easier to test this methodology; the focus of the testing becomes the spider&amp;gt;XML&amp;gt;repository&amp;gt;database workflow, rather than a question of juggling multiple strategies and testing them against file formats and/or significant properties. Of course, migration would still need to apply to the original native file formats we have captured, and this would probably need to be part of our preservation strategy. But it&amp;#8217;s the XML renditions which most users of BlogForever will be experiencing.&lt;/p>
&lt;div style="float: right; margin-left: 10px;">&lt;a href="http://twitter.com/share?url=http://blogforever.eu/blog/2012/04/02/blogforever-and-migration/&amp;via=blogforever&amp;text=BlogForever and migration&amp;related=:&amp;lang=en&amp;count=vertical" onclick="javascript:_gaq.push(['_trackEvent','outbound-article','http://twitter.com']);" class="twitter-share-button">Tweet&lt;/a>&lt;script type="text/javascript" src="http://platform.twitter.com/widgets.js">&lt;/script>&lt;/div>
													&lt;/div>

						&lt;p class="postmetadata">&lt;span class="tags">&lt;/span> &lt;span class="comments">&lt;a href="http://blogforever.eu/blog/2012/04/02/blogforever-and-migration/#comments" title="Comment on BlogForever and migration">1 Comment &amp;#187;&lt;/a>&lt;/span>&lt;/p>
					&lt;/div></subfield>
    <subfield code="u">http://blogforever.eu/blog/2012/04/02/blogforever-and-migration/</subfield>
  </datafield>
</record>