
<record>
  <controlfield tag="001">1892</controlfield>
  <controlfield tag="002">Post_2206</controlfield>
  <controlfield tag="005">20121112155756.0</controlfield>
  <datafield tag="980" ind1=" " ind2=" ">
    <subfield code="a">BLOGPOST</subfield>
  </datafield>
  <datafield tag="245" ind1=" " ind2=" ">
    <subfield code="a">Blogs and the evolutionary prospects of ERP 10 years from now</subfield>
  </datafield>
  <datafield tag="336" ind1=" " ind2=" ">
    <subfield code="a">BLOGPOST</subfield>
  </datafield>
  <datafield tag="760" ind1=" " ind2=" ">
    <subfield code="o">http://blogforever.eu</subfield>
    <subfield code="4">BLOG</subfield>
    <subfield code="w">161</subfield>
  </datafield>
  <datafield tag="100" ind1=" " ind2=" ">
    <subfield code="a">Vangelis Banos</subfield>
  </datafield>
  <datafield tag="781" ind1=" " ind2=" ">
    <subfield code="a">Warwick Blogs, University of Warwick, http://blogs.warwick.ac.uk</subfield>
  </datafield>
  <datafield tag="856" ind1="4" ind2=" ">
    <subfield code="u">http://bf3.itc.auth.gr/record/1892/files/Post_2206.xml_mets</subfield>
  </datafield>
  <datafield tag="856" ind1=" " ind2="0">
    <subfield code="u">http://twitter.com/share?url=http://blogforever.eu/blog/2012/03/22/blogs-and-the-evolutionary-prospects-of-erp-10-years-from-now/&amp;via=blogforever&amp;text=Blogs and the evolutionary prospects of ERP 10 years from now&amp;related=:&amp;lang=en&amp;count=vertical</subfield>
    <subfield code="y">Tweet</subfield>
  </datafield>
  <datafield tag="269" ind1=" " ind2=" ">
    <subfield code="c">22.03.2012 20:09:17</subfield>
  </datafield>
  <datafield tag="520" ind1=" " ind2=" ">
    <subfield code="a">&lt;div>
							&lt;p>&lt;em>by Prof David Olson,&lt;/em>&lt;/p>
&lt;p>ERP has undergone a rapid and dramatic evolution.Since SAP started working on their accounting product in the early 1970s, five major and many smaller vendors dominated large organizational computing in the 1990s.Most large organizations took advantage of the integrative opportunities of this form of software to rely on COTS products to downsize their very large information technology staffs.Y2K created a boom period for both ERP vendors and for IT individuals, but after the world somehow survived COBOL’s minor limitations, the demand for BOPSE ERP systems dropped, and IT individuals found a very depressing job market.The first decade of the 21&lt;sup>st&lt;/sup> Century has seen highly cyclical IT employment, demonstrating the need to be mobile.The five BOPSE ERP vendors have collapsed to two (although both SAP and Oracle are very large and prosperous).There has been stronger emphasis on industry systems, support to small businesses, and country-specific software products.&lt;/p>
&lt;p>Technologically, there have been many interesting developments in software-as-a-service, and open source software projects.SourceForge.net contains hundreds of thousands of open source software projects, including about 1,000 classified as ERP.These projects tend to be utilities in nature, similar to what software-as-a-service offers for a fee over the Internet.Countries such as Brazil are publicly supporting development of open source ideas.There are a growing number of ERP vendors offering their software for free (installation help and training available at a fee), such as Compiere and Nexedi.There even are a few efforts to develop a completely open source ERP product.&lt;/p>
&lt;p>Software development is clearly evolving.My perception is that globally, there is strong preference for the open ideas of Richard Stallman in preference to the US-dominated proprietorial model of Bill Gates and Larry Ellison.The Internet enables enormous potential in linking active minds around the globe, enabling their collaboration in developing new and better things.&lt;/p>
&lt;p>Looking closer to the Blogforever.eu project and ALTEC’s interest for commercial uptake and adoption, according to which the blogosphere could be a means to develop organizational computing, taking advantage of database technologies,  my first reaction is a disconnect in my own mind between ERP and database issues. However, I think that there is potential there.:  last fall I taught a database class, and had students report on databases of their selection.There were a number of very interesting reports of databases for various Web-businesses, such as Facebook, Craig&amp;#8217;s List, Amazon, etc.The database systems to support things in the blogosphere certainly exist.Objects such as SaaS, open source software, and the apps that the latest generation love can be assembled to accomplish things that people and organizations need.You could conceivably assemble the software you need from a free and open Internet platform.&lt;/p>
&lt;p>This is going to take a long time to evolve.But five years ago I thought an open source ERP software was impossible.It demonstrably is possible.There is a danger in forecasting, as anyone who reads the forecasts of the 19&lt;sup>th&lt;/sup> Century, or Aldous Huxley or George Orwell knows.It is interesting to review any forecast over 20 years old.They inevitably miss many important factors.But I do feel confident that the means for collaborative software product development can support such a free-form software environment.&lt;/p>
&lt;p>A key issue is how the benefits will be shared, and how contributors will be rewarded.I think that recent times have been dominated by US ideas about such matters.I perceive that is changing radically, and for the better.After all, Bill Gates is looking for ways to redistribute all of his gains, isn’t he?&lt;/p>
&lt;p>&amp;#8211;&lt;/p>
&lt;p>&lt;strong>&lt;img title="olson" src="http://blogforever.eu/wp-content/uploads/2012/03/olson.png" alt="olson Blogs and the evolutionary prospects of ERP 10 years from now" width="251" height="328">David L. Olson&lt;/strong> is the James &amp;amp; H.K. Stuart Professor in MIS and Chancellor’s Professor at the University of Nebraska.  He has published research in over 100 refereed journal articles, primarily on the topic of multiple objective decision-making and information technology.  He teaches in the management information systems, management science, and operations management areas.  He has authored 18 books, to include &lt;em>Decision Aids for Selection Problems&lt;/em>, &lt;em>Introduction to Information Systems Project Management&lt;/em>, &lt;em>Managerial Issues of Enterprise Resource Planning Systems&lt;/em>, &lt;em>Supply Chain Risk Management&lt;/em>, and &lt;em>Supply Chain Information Technology&lt;/em>.  Additionally, he has co-authored the books &lt;em>Introduction to Business Data Mining, Enterprise Risk Management, Advanced Data Mining Techniques&lt;/em>, &lt;em>New Frontiers in Enterprise Risk Management&lt;/em>, &lt;em>Enterprise Information Systems&lt;/em>, and &lt;em>Enterprise Risk Management Models&lt;/em>. He is associate editor of &lt;em>Service Business &lt;/em>and co-editor in chief of &lt;em>International Journal of Services Sciences.&lt;/em> He has made over 100 presentations at international and national conferences on research topics.  He is a member of the Decision Sciences Institute, the Institute for Operations Research and Management Sciences, and the Multiple Criteria Decision Making Society.  He was a Lowry Mays endowed Professor at Texas A&amp;amp;M University from 1999 to 2001.  He was named the Raymond E. Miles Distinguished Scholar award for 2002, and was a James C. and Rhonda Seacrest Fellow from 2005 to 2006.  He was named Best Enterprise Information Systems Educator by IFIP in 2006.  He is a Fellow of the Decision Sciences Institute.&lt;/p>
&lt;div>&lt;a href="http://twitter.com/share?url=http://blogforever.eu/blog/2012/03/22/blogs-and-the-evolutionary-prospects-of-erp-10-years-from-now/&amp;via=blogforever&amp;text=Blogs and the evolutionary prospects of ERP 10 years from now&amp;related=:&amp;lang=en&amp;count=vertical" onclick="javascript:_gaq.push(['_trackEvent','outbound-article','http://twitter.com']);">Tweet&lt;/a>&lt;/div>
													&lt;/div></subfield>
    <subfield code="b">&lt;div class="post-content">
						&lt;h2 class="posttitle">&lt;a href="http://blogforever.eu/blog/2012/03/22/blogs-and-the-evolutionary-prospects-of-erp-10-years-from-now/" rel="bookmark" title="Permanent Link to Blogs and the evolutionary prospects of ERP 10 years from now">Blogs and the evolutionary prospects of ERP 10 years from now&lt;/a>&lt;/h2>

						&lt;p class="date">7:09 pm &lt;em>in &lt;a href="http://blogforever.eu/blog/category/blog/" title="View all posts in Blog" rel="category tag">Blog&lt;/a> by &lt;a href="http://blogforever.eu/members/admin/" title="Vangelis Banos">Vangelis Banos&lt;/a>&lt;/em> &lt;/p>

						&lt;div class="entry">
							&lt;p style="text-align: justify;">&lt;em>by Prof David Olson,&lt;/em>&lt;/p>
&lt;p style="text-align: justify;">ERP has undergone a rapid and dramatic evolution.Since SAP started working on their accounting product in the early 1970s, five major and many smaller vendors dominated large organizational computing in the 1990s.Most large organizations took advantage of the integrative opportunities of this form of software to rely on COTS products to downsize their very large information technology staffs.Y2K created a boom period for both ERP vendors and for IT individuals, but after the world somehow survived COBOL’s minor limitations, the demand for BOPSE ERP systems dropped, and IT individuals found a very depressing job market.The first decade of the 21&lt;sup>st&lt;/sup> Century has seen highly cyclical IT employment, demonstrating the need to be mobile.The five BOPSE ERP vendors have collapsed to two (although both SAP and Oracle are very large and prosperous).There has been stronger emphasis on industry systems, support to small businesses, and country-specific software products.&lt;/p>
&lt;p style="text-align: justify;">Technologically, there have been many interesting developments in software-as-a-service, and open source software projects.SourceForge.net contains hundreds of thousands of open source software projects, including about 1,000 classified as ERP.These projects tend to be utilities in nature, similar to what software-as-a-service offers for a fee over the Internet.Countries such as Brazil are publicly supporting development of open source ideas.There are a growing number of ERP vendors offering their software for free (installation help and training available at a fee), such as Compiere and Nexedi.There even are a few efforts to develop a completely open source ERP product.&lt;/p>
&lt;p style="text-align: justify;">Software development is clearly evolving.My perception is that globally, there is strong preference for the open ideas of Richard Stallman in preference to the US-dominated proprietorial model of Bill Gates and Larry Ellison.The Internet enables enormous potential in linking active minds around the globe, enabling their collaboration in developing new and better things.&lt;/p>
&lt;p>Looking closer to the Blogforever.eu project and ALTEC’s interest for commercial uptake and adoption, according to which the blogosphere could be a means to develop organizational computing, taking advantage of database technologies,  my first reaction is a disconnect in my own mind between ERP and database issues. However, I think that there is potential there.:  last fall I taught a database class, and had students report on databases of their selection.There were a number of very interesting reports of databases for various Web-businesses, such as Facebook, Craig&amp;#8217;s List, Amazon, etc.The database systems to support things in the blogosphere certainly exist.Objects such as SaaS, open source software, and the apps that the latest generation love can be assembled to accomplish things that people and organizations need.You could conceivably assemble the software you need from a free and open Internet platform.&lt;/p>
&lt;p>This is going to take a long time to evolve.But five years ago I thought an open source ERP software was impossible.It demonstrably is possible.There is a danger in forecasting, as anyone who reads the forecasts of the 19&lt;sup>th&lt;/sup> Century, or Aldous Huxley or George Orwell knows.It is interesting to review any forecast over 20 years old.They inevitably miss many important factors.But I do feel confident that the means for collaborative software product development can support such a free-form software environment.&lt;/p>
&lt;p>A key issue is how the benefits will be shared, and how contributors will be rewarded.I think that recent times have been dominated by US ideas about such matters.I perceive that is changing radically, and for the better.After all, Bill Gates is looking for ways to redistribute all of his gains, isn’t he?&lt;/p>
&lt;p>&amp;#8211;&lt;/p>
&lt;p>&lt;strong>&lt;img class="alignleft  wp-image-844" title="olson" src="http://blogforever.eu/wp-content/uploads/2012/03/olson.png" alt="olson Blogs and the evolutionary prospects of ERP 10 years from now" width="251" height="328">David L. Olson&lt;/strong> is the James &amp;amp; H.K. Stuart Professor in MIS and Chancellor’s Professor at the University of Nebraska.  He has published research in over 100 refereed journal articles, primarily on the topic of multiple objective decision-making and information technology.  He teaches in the management information systems, management science, and operations management areas.  He has authored 18 books, to include &lt;em>Decision Aids for Selection Problems&lt;/em>, &lt;em>Introduction to Information Systems Project Management&lt;/em>, &lt;em>Managerial Issues of Enterprise Resource Planning Systems&lt;/em>, &lt;em>Supply Chain Risk Management&lt;/em>, and &lt;em>Supply Chain Information Technology&lt;/em>.  Additionally, he has co-authored the books &lt;em>Introduction to Business Data Mining, Enterprise Risk Management, Advanced Data Mining Techniques&lt;/em>, &lt;em>New Frontiers in Enterprise Risk Management&lt;/em>, &lt;em>Enterprise Information Systems&lt;/em>, and &lt;em>Enterprise Risk Management Models&lt;/em>. He is associate editor of &lt;em>Service Business &lt;/em>and co-editor in chief of &lt;em>International Journal of Services Sciences.&lt;/em> He has made over 100 presentations at international and national conferences on research topics.  He is a member of the Decision Sciences Institute, the Institute for Operations Research and Management Sciences, and the Multiple Criteria Decision Making Society.  He was a Lowry Mays endowed Professor at Texas A&amp;amp;M University from 1999 to 2001.  He was named the Raymond E. Miles Distinguished Scholar award for 2002, and was a James C. and Rhonda Seacrest Fellow from 2005 to 2006.  He was named Best Enterprise Information Systems Educator by IFIP in 2006.  He is a Fellow of the Decision Sciences Institute.&lt;/p>
&lt;div style="float: right; margin-left: 10px;">&lt;a href="http://twitter.com/share?url=http://blogforever.eu/blog/2012/03/22/blogs-and-the-evolutionary-prospects-of-erp-10-years-from-now/&amp;via=blogforever&amp;text=Blogs and the evolutionary prospects of ERP 10 years from now&amp;related=:&amp;lang=en&amp;count=vertical" onclick="javascript:_gaq.push(['_trackEvent','outbound-article','http://twitter.com']);" class="twitter-share-button">Tweet&lt;/a>&lt;script type="text/javascript" src="http://platform.twitter.com/widgets.js">&lt;/script>&lt;/div>
													&lt;/div>

						&lt;p class="postmetadata">&lt;span class="tags">&lt;/span> &lt;span class="comments">&lt;a href="http://blogforever.eu/blog/2012/03/22/blogs-and-the-evolutionary-prospects-of-erp-10-years-from-now/#respond" title="Comment on Blogs and the evolutionary prospects of ERP 10 years from now">No Comments &amp;#187;&lt;/a>&lt;/span>&lt;/p>
					&lt;/div></subfield>
    <subfield code="u">http://blogforever.eu/blog/2012/03/22/blogs-and-the-evolutionary-prospects-of-erp-10-years-from-now/</subfield>
  </datafield>
</record>