
<record>
  <controlfield tag="001">1765</controlfield>
  <controlfield tag="002">Post_2053</controlfield>
  <controlfield tag="005">20121112155430.0</controlfield>
  <datafield tag="980" ind1=" " ind2=" ">
    <subfield code="a">BLOGPOST</subfield>
  </datafield>
  <datafield tag="245" ind1=" " ind2=" ">
    <subfield code="a">Introducing the SALT recommender API ( based on 10 years of University of Manchester circulation data)</subfield>
  </datafield>
  <datafield tag="336" ind1=" " ind2=" ">
    <subfield code="a">BLOGPOST</subfield>
  </datafield>
  <datafield tag="760" ind1=" " ind2=" ">
    <subfield code="o">http://salt11.wordpress.com</subfield>
    <subfield code="4">BLOG</subfield>
    <subfield code="w">160</subfield>
  </datafield>
  <datafield tag="100" ind1=" " ind2=" ">
    <subfield code="a">joypalmer</subfield>
  </datafield>
  <datafield tag="781" ind1=" " ind2=" ">
    <subfield code="a">http://wordpress.com/</subfield>
  </datafield>
  <datafield tag="856" ind1="4" ind2=" ">
    <subfield code="u">http://bf3.itc.auth.gr/record/1765/files/Post_2053.xml_mets</subfield>
  </datafield>
  <datafield tag="856" ind1=" " ind2="0">
    <subfield code="u">http://salt11.wordpress.com/salt-recommender-api/</subfield>
    <subfield code="y">SALT recommender API</subfield>
  </datafield>
  <datafield tag="856" ind1=" " ind2="0">
    <subfield code="u">http://www.library.manchester.ac.uk/</subfield>
    <subfield code="y">University of Manchester s John Rylands Library</subfield>
  </datafield>
  <datafield tag="856" ind1=" " ind2="0">
    <subfield code="u">http://salt11.wordpress.com/2011/11/15/introducing-the-salt-recommender-api-based-on-10-years-of-university-of-manchester-circulation-data/?like=1&amp;_wpnonce=037cd5ec4d</subfield>
    <subfield code="y">Like</subfield>
    <subfield code="z">I like this.</subfield>
  </datafield>
  <datafield tag="269" ind1=" " ind2=" ">
    <subfield code="c">15.11.2011 11:01:22</subfield>
  </datafield>
  <datafield tag="520" ind1=" " ind2=" ">
    <subfield code="a">&lt;div>
						&lt;p>I&amp;#8217;m pleased to announce the release of the &lt;a href="http://salt11.wordpress.com/salt-recommender-api/">SALT recommender API &lt;/a>which works with over ten years of circulation data from the &lt;a href="http://www.library.manchester.ac.uk/">University of Manchester&amp;#8217;s John Rylands Library&lt;/a>.&lt;/p>
&lt;p>The data source is currently static, but nonetheless yields excellent results. Please experiment and let us know how you get on. Stay tuned for a future post detailing some work we have planned for continuing this project, which will include assessing additional use cases, aggregating more data sources (and adding them to the API) and producing a shared service feasibility report for JISC.&lt;/p>

&lt;div>

&lt;/div>&lt;div>&lt;div>&lt;h3>Like this:&lt;/h3>&lt;div>&lt;div>&lt;a href="http://salt11.wordpress.com/2011/11/15/introducing-the-salt-recommender-api-based-on-10-years-of-university-of-manchester-circulation-data/?like=1&amp;_wpnonce=037cd5ec4d" title="I like this." rel="nofollow">&lt;span>Like&lt;/span>&lt;/a>&lt;/div>&lt;div>Be the first to like this.&lt;/div>&lt;/div>&lt;/div>&lt;/div>											&lt;/div></subfield>
    <subfield code="b">&lt;div id="post-231" class="post-231 post type-post status-publish format-standard hentry category-uncategorized">
					&lt;h1 class="entry-title">Introducing the SALT recommender API ( based on 10 years of University of Manchester circulation&amp;nbsp;data)&lt;/h1>

					&lt;div class="entry-meta">
						&lt;span class="meta-prep meta-prep-author">Posted on&lt;/span> &lt;a href="http://salt11.wordpress.com/2011/11/15/introducing-the-salt-recommender-api-based-on-10-years-of-university-of-manchester-circulation-data/" title="10:01 am" rel="bookmark">&lt;span class="entry-date">November 15, 2011&lt;/span>&lt;/a> 						&lt;span class="by-author">&lt;span class="sep">by&lt;/span> &lt;span class="author vcard">&lt;a class="url fn n" href="http://salt11.wordpress.com/author/joypalmer/" title="View all posts by joypalmer" rel="author">joypalmer&lt;/a>&lt;/span> &lt;/span>					&lt;/div>&lt;!-- .entry-meta -->

					&lt;div class="entry-content">
						&lt;p>I&amp;#8217;m pleased to announce the release of the &lt;a href="http://salt11.wordpress.com/salt-recommender-api/">SALT recommender API &lt;/a>which works with over ten years of circulation data from the &lt;a href="http://www.library.manchester.ac.uk/">University of Manchester&amp;#8217;s John Rylands Library&lt;/a>.&lt;/p>
&lt;p>The data source is currently static, but nonetheless yields excellent results. Please experiment and let us know how you get on. Stay tuned for a future post detailing some work we have planned for continuing this project, which will include assessing additional use cases, aggregating more data sources (and adding them to the API) and producing a shared service feasibility report for JISC.&lt;/p>

&lt;div class="wpadvert" style="text-align: center; padding: 5px; background: #; padding: 5px; margin: 10px auto;">
&lt;script type="text/javascript">
GA_googleAddAttr("AdOpt", "1");
GA_googleAddAttr("Origin", "other");
GA_googleAddAttr("theme_bg", "ffffff"); 
GA_googleAddAttr("theme_text", "333333"); 
GA_googleAddAttr("theme_link", "0066cc"); 
GA_googleAddAttr("theme_border", "cccccc"); 
GA_googleAddAttr("theme_url", "ff4b33"); 
GA_googleAddAttr("LangId", "1");
GA_googleAddAttr("Domain", "salt11.wordpress.com");
GA_googleAddAttr("Autotag", "technology");

GA_googleFillSlot("wpcom_below_post");
&lt;/script>
&lt;/div>&lt;div id="jp-post-flair" class="sharedaddy sd-like-enabled">&lt;div class="wpl-likebox sd-block sd-like">&lt;h3 class="sd-title">Like this:&lt;/h3>&lt;div class="sd-content">&lt;div id="like-231" class="wpl-button ">&lt;a href='http://salt11.wordpress.com/2011/11/15/introducing-the-salt-recommender-api-based-on-10-years-of-university-of-manchester-circulation-data/?like=1&amp;amp;_wpnonce=037cd5ec4d' title='I like this.' class='like needs-login sd-button' rel='nofollow'>&lt;span>Like&lt;/span>&lt;/a>&lt;/div>&lt;div class="wpl-count sd-like-count">Be the first to like this.&lt;/div>&lt;/div>&lt;/div>&lt;/div>											&lt;/div>&lt;!-- .entry-content -->


					&lt;div class="entry-utility">
						This entry was posted in &lt;a href="http://salt11.wordpress.com/category/uncategorized/" title="View all posts in Uncategorized" rel="category tag">Uncategorized&lt;/a>. Bookmark the &lt;a href="http://salt11.wordpress.com/2011/11/15/introducing-the-salt-recommender-api-based-on-10-years-of-university-of-manchester-circulation-data/" title="Permalink to Introducing the SALT recommender API ( based on 10 years of University of Manchester circulation&amp;nbsp;data)" rel="bookmark">permalink&lt;/a>.											&lt;/div>&lt;!-- .entry-utility -->
				&lt;/div></subfield>
    <subfield code="u">http://salt11.wordpress.com/2011/11/15/introducing-the-salt-recommender-api-based-on-10-years-of-university-of-manchester-circulation-data/</subfield>
  </datafield>
</record>