
<record>
  <controlfield tag="001">1764</controlfield>
  <controlfield tag="002">Post_2052</controlfield>
  <controlfield tag="005">20121112155429.0</controlfield>
  <datafield tag="980" ind1=" " ind2=" ">
    <subfield code="a">BLOGPOST</subfield>
  </datafield>
  <datafield tag="245" ind1=" " ind2=" ">
    <subfield code="a">User Feedback Results – Super 8</subfield>
  </datafield>
  <datafield tag="336" ind1=" " ind2=" ">
    <subfield code="a">BLOGPOST</subfield>
  </datafield>
  <datafield tag="760" ind1=" " ind2=" ">
    <subfield code="o">http://salt11.wordpress.com</subfield>
    <subfield code="4">BLOG</subfield>
    <subfield code="w">160</subfield>
  </datafield>
  <datafield tag="100" ind1=" " ind2=" ">
    <subfield code="a">janinerigby</subfield>
  </datafield>
  <datafield tag="781" ind1=" " ind2=" ">
    <subfield code="a">http://wordpress.com/</subfield>
  </datafield>
  <datafield tag="856" ind1="4" ind2=" ">
    <subfield code="u">http://bf3.itc.auth.gr/record/1764/files/Post_2052.xml_mets</subfield>
  </datafield>
  <datafield tag="856" ind1=" " ind2="0">
    <subfield code="u">http://salt11.wordpress.com/2011/07/29/what-do-the-users-think-of-the-salt-recommender/</subfield>
    <subfield code="y">What do users think of the SALT recommender?</subfield>
    <subfield code="z">What do the users think of the SALT recommender?</subfield>
  </datafield>
  <datafield tag="856" ind1=" " ind2="0">
    <subfield code="u">http://salt11.wordpress.com/2011/07/29/what-do-the-users-think-of-the-salt-recommender/</subfield>
    <subfield code="y">What do users think of the SALT recommender?</subfield>
    <subfield code="z">What do the users think of the SALT recommender?</subfield>
  </datafield>
  <datafield tag="856" ind1=" " ind2="0">
    <subfield code="u">http://library.hud.ac.uk/blogs/projects/lidp/2011/08/30/focus-group-analysis/</subfield>
    <subfield code="y">http://library.hud.ac.uk/blogs/projects/lidp/2011/08/30/focus-group-analysis/</subfield>
  </datafield>
  <datafield tag="856" ind1=" " ind2="0">
    <subfield code="u">http://salt11.files.wordpress.com/2011/09/first1.png</subfield>
  </datafield>
  <datafield tag="856" ind1=" " ind2="0">
    <subfield code="u">http://salt11.files.wordpress.com/2011/09/second.png</subfield>
  </datafield>
  <datafield tag="856" ind1=" " ind2="0">
    <subfield code="u">http://salt11.files.wordpress.com/2011/09/third.png</subfield>
  </datafield>
  <datafield tag="856" ind1=" " ind2="0">
    <subfield code="u">http://salt11.wordpress.com/2011/09/01/user-feedback-results-super-8/?like=1&amp;_wpnonce=037cd5ec4d</subfield>
    <subfield code="y">Like</subfield>
    <subfield code="z">I like this.</subfield>
  </datafield>
  <datafield tag="269" ind1=" " ind2=" ">
    <subfield code="c">01.09.2011 10:56:05</subfield>
  </datafield>
  <datafield tag="520" ind1=" " ind2=" ">
    <subfield code="a">&lt;div>
						&lt;p>In an effort to find the magic number the SALT team opened its testing labs again this week.  Another 6 University of Manchester post graduate students spent the afternoon interrogating the Copac and John Rylands library catalogues to evaluate the recommendations thrown back by the SALT API.&lt;/p>
&lt;p>With searches ranging from ’The Archaeology of Islam in Sub Saharan Africa’ to ‘Volunteering and Society: Principles and Practice’ no aspect of the Arts and Humanities was left unturned, or at least it felt that way.  We tried to find students with diverse interests within Arts and Humanities to test the recommendations from as many angles as possible.  Using the same format as the previous groups (documented in our earlier blog post ‘&lt;strong>&lt;a title="What do the users think of the SALT recommender?" href="http://salt11.wordpress.com/2011/07/29/what-do-the-users-think-of-the-salt-recommender/" target="_blank">What do users think of the SALT recommender?&lt;/a>’&lt;/strong>), the library users were asked to complete an evaluation of the recommendations they were given.  Previously the users tested SALT when the threshold was set at 3(that is 3 people borrowed the book which therefore made it eligible to be thrown back as a recommendation), however we felt that the results could be improved.  Previously, although 77.5% found at least one recommendation useful, too many recommendations were rated as ’not that useful’,(see the charts in ‘&lt;a title="What do the users think of the SALT recommender?" href="http://salt11.wordpress.com/2011/07/29/what-do-the-users-think-of-the-salt-recommender/" target="_blank">&lt;strong>What do users think of the SALT recommender?&lt;/strong>&lt;/a>’).&lt;/p>
&lt;p>This time, we set the threshold at 15 in the John Rylands library catalogue and 8 in Copac.  Like the LIDP team at Huddersfield, (&lt;a href="http://library.hud.ac.uk/blogs/projects/lidp/2011/08/30/focus-group-analysis/" target="_blank">http://library.hud.ac.uk/blogs/projects/lidp/2011/08/30/focus-group-analysis/&lt;/a>), we have a lot of data to work with now, and we’d like to spend some more time interrogating the results to find out whether clear patterns emerge.  Although, our initial analysis has also raised some further questions, it’s also revealed some interesting and encouraging results.  Here are the highlights of what we found out.&lt;/p>
&lt;p>&lt;strong>The Results&lt;/strong>&lt;/p>
&lt;p>On initial inspection the JRUL with its threshold of 15 improved on previous results;&lt;/p>
&lt;p>Do any of the recommendations look useful:&lt;/p>
&lt;p>&lt;a href="http://salt11.files.wordpress.com/2011/09/first1.png">&lt;img title="first" src="http://salt11.files.wordpress.com/2011/09/first1.png?w=640" alt="">&lt;/a>&lt;/p>
&lt;p>92.3 % of the searches returned at least one item the user thought was useful, however when the user was asked if they would borrow at least one item only 56.2% answered that they would.&lt;/p>
&lt;p>&lt;a href="http://salt11.files.wordpress.com/2011/09/second.png">&lt;img title="second" src="http://salt11.files.wordpress.com/2011/09/second.png?w=640" alt="">&lt;/a>&lt;/p>
&lt;p>When asked, a lot of the users stated that they knew the book and so wouldn’t need to borrow it again, or that although the book was useful, their area of research was so niche that it wasn’t specifically useful to them but they would deem it as ‘useful’ to others in their field.&lt;/p>
&lt;p>One of the key factors which came up in the discussions with users was the year that the book had been published. The majority of researchers are in need of up to date material, many preferring the use of journals rather than monographs, and this was taken into account when deciding whether a book is worth borrowing. Many users wouldn’t borrow anything more than 10 years old;&lt;/p>
&lt;p>‘Three of the recommendations are &amp;#8216;out of date&amp;#8217; 1957, 1961, 1964 as such I would immediately discount them from my search’ 30/08/11 University of Manchester, Postgraduate, Arts and Humanities, SALT testing group.&lt;/p>
&lt;p>So the book could be a key text, and ‘useful’ but it wouldn’t necessarily be borrowed.  Quite often, one user explained, rather than reading a key text she would search for journal articles about the key text, to get up to date discussion and analysis about it. This has an impact on our hypothesis which is to discover the long tail. Quite often the long tail that is discovered includes older texts, which some users discount.&lt;/p>
&lt;p>Copac, with a threshold of 8 was also tested. Results here were encouraging;&lt;/p>
&lt;p>Do any of the recommendations look useful;&lt;/p>
&lt;p>&lt;a href="http://salt11.files.wordpress.com/2011/09/third.png">&lt;img title="third" src="http://salt11.files.wordpress.com/2011/09/third.png?w=640" alt="">&lt;/a>&lt;/p>
&lt;p>Admittedly further tests would need to be done on both thresholds as the number of searches conducted (25) do not give enough results to draw concrete conclusions from but it does seem as if the results are vastly improved on increase of the threshold.&lt;/p>
&lt;p>&lt;strong>No concerns about privacy&lt;/strong>&lt;/p>
&lt;p>The issue of privacy was raised again. Many of the postgraduate students are studying niche areas and seemed to understand how this could affect them should the recommendations be attributed back to them. However, as much as they were concerned about their research being followed, they were also keen to use the tool themselves and so their concerns were outweighed by the perceived benefits. As a group they agreed that a borrowing rate of 5 would offer them enough protection whilst still returning interesting results. The group had no concerns about the way in which the data was being used and indeed trusted the libraries to collect this data and use it in such a productive way.&lt;/p>
&lt;p>‘It’s not as if it is being used for commercial gain, then what is the issue?’ 30/08/11 University of Manchester, Postgraduate, Arts and Humanities, SALT testing group.&lt;/p>
&lt;p>&lt;strong>Unanimous support for the recommender&lt;/strong>&lt;/p>
&lt;p>The most encouraging outcome from the group was the uniform support for the book recommender. Every person in the group agreed that the principle of the book recommender was a good one, and they gave their resolute approval that their data was collected and used in a positive way.&lt;/p>
&lt;p>All of them would use the book recommender if it was available. Indeed one researcher asked, ‘can we have it now?’&lt;/p>
&lt;p>Janine Rigby and Lisa Charnock 31/08/11&lt;/p>

&lt;div>

&lt;/div>&lt;div>&lt;div>&lt;h3>Like this:&lt;/h3>&lt;div>&lt;div>&lt;a href="http://salt11.wordpress.com/2011/09/01/user-feedback-results-super-8/?like=1&amp;_wpnonce=037cd5ec4d" title="I like this." rel="nofollow">&lt;span>Like&lt;/span>&lt;/a>&lt;/div>&lt;div>Be the first to like this.&lt;/div>&lt;/div>&lt;/div>&lt;/div>											&lt;/div></subfield>
    <subfield code="b">&lt;div id="post-216" class="post-216 post type-post status-publish format-standard hentry category-evaluation tag-activity-data tag-activitydata tag-humanities tag-jiscad tag-jiscsalt tag-libraries tag-personalisation tag-recommender tag-usage-data tag-userbehaviour tag-users">
					&lt;h1 class="entry-title">User Feedback Results &amp;#8211; Super&amp;nbsp;8&lt;/h1>

					&lt;div class="entry-meta">
						&lt;span class="meta-prep meta-prep-author">Posted on&lt;/span> &lt;a href="http://salt11.wordpress.com/2011/09/01/user-feedback-results-super-8/" title="9:56 am" rel="bookmark">&lt;span class="entry-date">September 1, 2011&lt;/span>&lt;/a> 						&lt;span class="by-author">&lt;span class="sep">by&lt;/span> &lt;span class="author vcard">&lt;a class="url fn n" href="http://salt11.wordpress.com/author/janinerigby/" title="View all posts by janinerigby" rel="author">janinerigby&lt;/a>&lt;/span> &lt;/span>					&lt;/div>&lt;!-- .entry-meta -->

					&lt;div class="entry-content">
						&lt;p>In an effort to find the magic number the SALT team opened its testing labs again this week.  Another 6 University of Manchester post graduate students spent the afternoon interrogating the Copac and John Rylands library catalogues to evaluate the recommendations thrown back by the SALT API.&lt;/p>
&lt;p>With searches ranging from ’The Archaeology of Islam in Sub Saharan Africa’ to ‘Volunteering and Society: Principles and Practice’ no aspect of the Arts and Humanities was left unturned, or at least it felt that way.  We tried to find students with diverse interests within Arts and Humanities to test the recommendations from as many angles as possible.  Using the same format as the previous groups (documented in our earlier blog post ‘&lt;strong>&lt;a title="What do the users think of the SALT recommender?" href="http://salt11.wordpress.com/2011/07/29/what-do-the-users-think-of-the-salt-recommender/" target="_blank">What do users think of the SALT recommender?&lt;/a>’&lt;/strong>), the library users were asked to complete an evaluation of the recommendations they were given.  Previously the users tested SALT when the threshold was set at 3(that is 3 people borrowed the book which therefore made it eligible to be thrown back as a recommendation), however we felt that the results could be improved.  Previously, although 77.5% found at least one recommendation useful, too many recommendations were rated as ’not that useful’,(see the charts in ‘&lt;a title="What do the users think of the SALT recommender?" href="http://salt11.wordpress.com/2011/07/29/what-do-the-users-think-of-the-salt-recommender/" target="_blank">&lt;strong>What do users think of the SALT recommender?&lt;/strong>&lt;/a>’).&lt;/p>
&lt;p>This time, we set the threshold at 15 in the John Rylands library catalogue and 8 in Copac.  Like the LIDP team at Huddersfield, (&lt;a href="http://library.hud.ac.uk/blogs/projects/lidp/2011/08/30/focus-group-analysis/" target="_blank">http://library.hud.ac.uk/blogs/projects/lidp/2011/08/30/focus-group-analysis/&lt;/a>), we have a lot of data to work with now, and we’d like to spend some more time interrogating the results to find out whether clear patterns emerge.  Although, our initial analysis has also raised some further questions, it’s also revealed some interesting and encouraging results.  Here are the highlights of what we found out.&lt;/p>
&lt;p>&lt;strong>The Results&lt;/strong>&lt;/p>
&lt;p>On initial inspection the JRUL with its threshold of 15 improved on previous results;&lt;/p>
&lt;p>Do any of the recommendations look useful:&lt;/p>
&lt;p>&lt;a href="http://salt11.files.wordpress.com/2011/09/first1.png">&lt;img class="alignnone size-full wp-image-218" title="first" src="http://salt11.files.wordpress.com/2011/09/first1.png?w=640" alt="">&lt;/a>&lt;/p>
&lt;p>92.3 % of the searches returned at least one item the user thought was useful, however when the user was asked if they would borrow at least one item only 56.2% answered that they would.&lt;/p>
&lt;p>&lt;a href="http://salt11.files.wordpress.com/2011/09/second.png">&lt;img class="alignnone size-full wp-image-219" title="second" src="http://salt11.files.wordpress.com/2011/09/second.png?w=640" alt="">&lt;/a>&lt;/p>
&lt;p>When asked, a lot of the users stated that they knew the book and so wouldn’t need to borrow it again, or that although the book was useful, their area of research was so niche that it wasn’t specifically useful to them but they would deem it as ‘useful’ to others in their field.&lt;/p>
&lt;p>One of the key factors which came up in the discussions with users was the year that the book had been published. The majority of researchers are in need of up to date material, many preferring the use of journals rather than monographs, and this was taken into account when deciding whether a book is worth borrowing. Many users wouldn’t borrow anything more than 10 years old;&lt;/p>
&lt;p style="text-align:center;">‘Three of the recommendations are &amp;#8216;out of date&amp;#8217; 1957, 1961, 1964 as such I would immediately discount them from my search’ 30/08/11 University of Manchester, Postgraduate, Arts and Humanities, SALT testing group.&lt;/p>
&lt;p>So the book could be a key text, and ‘useful’ but it wouldn’t necessarily be borrowed.  Quite often, one user explained, rather than reading a key text she would search for journal articles about the key text, to get up to date discussion and analysis about it. This has an impact on our hypothesis which is to discover the long tail. Quite often the long tail that is discovered includes older texts, which some users discount.&lt;/p>
&lt;p>Copac, with a threshold of 8 was also tested. Results here were encouraging;&lt;/p>
&lt;p>Do any of the recommendations look useful;&lt;/p>
&lt;p>&lt;a href="http://salt11.files.wordpress.com/2011/09/third.png">&lt;img class="alignnone size-full wp-image-220" title="third" src="http://salt11.files.wordpress.com/2011/09/third.png?w=640" alt="">&lt;/a>&lt;/p>
&lt;p>Admittedly further tests would need to be done on both thresholds as the number of searches conducted (25) do not give enough results to draw concrete conclusions from but it does seem as if the results are vastly improved on increase of the threshold.&lt;/p>
&lt;p>&lt;strong>No concerns about privacy&lt;/strong>&lt;/p>
&lt;p>The issue of privacy was raised again. Many of the postgraduate students are studying niche areas and seemed to understand how this could affect them should the recommendations be attributed back to them. However, as much as they were concerned about their research being followed, they were also keen to use the tool themselves and so their concerns were outweighed by the perceived benefits. As a group they agreed that a borrowing rate of 5 would offer them enough protection whilst still returning interesting results. The group had no concerns about the way in which the data was being used and indeed trusted the libraries to collect this data and use it in such a productive way.&lt;/p>
&lt;p style="text-align:center;">‘It’s not as if it is being used for commercial gain, then what is the issue?’ 30/08/11 University of Manchester, Postgraduate, Arts and Humanities, SALT testing group.&lt;/p>
&lt;p>&lt;strong>Unanimous support for the recommender&lt;/strong>&lt;/p>
&lt;p>The most encouraging outcome from the group was the uniform support for the book recommender. Every person in the group agreed that the principle of the book recommender was a good one, and they gave their resolute approval that their data was collected and used in a positive way.&lt;/p>
&lt;p>All of them would use the book recommender if it was available. Indeed one researcher asked, ‘can we have it now?’&lt;/p>
&lt;p>Janine Rigby and Lisa Charnock 31/08/11&lt;/p>

&lt;div class="wpadvert" style="text-align: center; padding: 5px; background: #; padding: 5px; margin: 10px auto;">
&lt;script type="text/javascript">
GA_googleAddAttr("AdOpt", "1");
GA_googleAddAttr("Origin", "other");
GA_googleAddAttr("theme_bg", "ffffff"); 
GA_googleAddAttr("theme_text", "333333"); 
GA_googleAddAttr("theme_link", "0066cc"); 
GA_googleAddAttr("theme_border", "cccccc"); 
GA_googleAddAttr("theme_url", "ff4b33"); 
GA_googleAddAttr("LangId", "1");
GA_googleAddAttr("Domain", "salt11.wordpress.com");
GA_googleAddAttr("Autotag", "technology");
GA_googleAddAttr("Autotag", "education");
GA_googleAddAttr("Tag", "evaluation");
GA_googleAddAttr("Tag", "activity-data");
GA_googleAddAttr("Tag", "activitydata");
GA_googleAddAttr("Tag", "humanities");
GA_googleAddAttr("Tag", "jiscad");
GA_googleAddAttr("Tag", "jiscsalt");
GA_googleAddAttr("Tag", "libraries");
GA_googleAddAttr("Tag", "personalisation");
GA_googleAddAttr("Tag", "recommender");
GA_googleAddAttr("Tag", "usage-data");
GA_googleAddAttr("Tag", "userbehaviour");
GA_googleAddAttr("Tag", "users");

GA_googleFillSlot("wpcom_below_post");
&lt;/script>
&lt;/div>&lt;div id="jp-post-flair" class="sharedaddy sd-like-enabled">&lt;div class="wpl-likebox sd-block sd-like">&lt;h3 class="sd-title">Like this:&lt;/h3>&lt;div class="sd-content">&lt;div id="like-216" class="wpl-button ">&lt;a href='http://salt11.wordpress.com/2011/09/01/user-feedback-results-super-8/?like=1&amp;amp;_wpnonce=037cd5ec4d' title='I like this.' class='like needs-login sd-button' rel='nofollow'>&lt;span>Like&lt;/span>&lt;/a>&lt;/div>&lt;div class="wpl-count sd-like-count">Be the first to like this.&lt;/div>&lt;/div>&lt;/div>&lt;/div>											&lt;/div>&lt;!-- .entry-content -->


					&lt;div class="entry-utility">
						This entry was posted in &lt;a href="http://salt11.wordpress.com/category/evaluation/" title="View all posts in Evaluation" rel="category tag">Evaluation&lt;/a> and tagged &lt;a href="http://salt11.wordpress.com/tag/activity-data/" rel="tag">activity data&lt;/a>, &lt;a href="http://salt11.wordpress.com/tag/activitydata/" rel="tag">activitydata&lt;/a>, &lt;a href="http://salt11.wordpress.com/tag/humanities/" rel="tag">humanities&lt;/a>, &lt;a href="http://salt11.wordpress.com/tag/jiscad/" rel="tag">jiscad&lt;/a>, &lt;a href="http://salt11.wordpress.com/tag/jiscsalt/" rel="tag">jiscsalt&lt;/a>, &lt;a href="http://salt11.wordpress.com/tag/libraries/" rel="tag">libraries&lt;/a>, &lt;a href="http://salt11.wordpress.com/tag/personalisation/" rel="tag">personalisation&lt;/a>, &lt;a href="http://salt11.wordpress.com/tag/recommender/" rel="tag">recommender&lt;/a>, &lt;a href="http://salt11.wordpress.com/tag/usage-data/" rel="tag">usage data&lt;/a>, &lt;a href="http://salt11.wordpress.com/tag/userbehaviour/" rel="tag">userbehaviour&lt;/a>, &lt;a href="http://salt11.wordpress.com/tag/users/" rel="tag">users&lt;/a>. Bookmark the &lt;a href="http://salt11.wordpress.com/2011/09/01/user-feedback-results-super-8/" title="Permalink to User Feedback Results &amp;#8211; Super&amp;nbsp;8" rel="bookmark">permalink&lt;/a>.											&lt;/div>&lt;!-- .entry-utility -->
				&lt;/div></subfield>
    <subfield code="u">http://salt11.wordpress.com/2011/09/01/user-feedback-results-super-8/</subfield>
  </datafield>
</record>