
<record>
  <controlfield tag="001">1762</controlfield>
  <controlfield tag="002">Post_2050</controlfield>
  <controlfield tag="005">20121112155425.0</controlfield>
  <datafield tag="980" ind1=" " ind2=" ">
    <subfield code="a">BLOGPOST</subfield>
  </datafield>
  <datafield tag="245" ind1=" " ind2=" ">
    <subfield code="a">Lessons learned from the user evaluation perspective (or can we define the ‘long tail’?)</subfield>
  </datafield>
  <datafield tag="336" ind1=" " ind2=" ">
    <subfield code="a">BLOGPOST</subfield>
  </datafield>
  <datafield tag="760" ind1=" " ind2=" ">
    <subfield code="o">http://salt11.wordpress.com</subfield>
    <subfield code="4">BLOG</subfield>
    <subfield code="w">160</subfield>
  </datafield>
  <datafield tag="100" ind1=" " ind2=" ">
    <subfield code="a">joypalmer</subfield>
  </datafield>
  <datafield tag="781" ind1=" " ind2=" ">
    <subfield code="a">http://wordpress.com/</subfield>
  </datafield>
  <datafield tag="856" ind1="4" ind2=" ">
    <subfield code="u">http://bf3.itc.auth.gr/record/1762/files/Post_2050.xml_mets</subfield>
  </datafield>
  <datafield tag="856" ind1=" " ind2="0">
    <subfield code="u">http://salt11.wordpress.com/2011/08/01/lessons-learned-from-the-user-evaluation-perspective-or-can-we-define-the-long-tail/?like=1&amp;_wpnonce=037cd5ec4d</subfield>
    <subfield code="y">Like</subfield>
    <subfield code="z">I like this.</subfield>
  </datafield>
  <datafield tag="269" ind1=" " ind2=" ">
    <subfield code="c">01.08.2011 16:19:07</subfield>
  </datafield>
  <datafield tag="520" ind1=" " ind2=" ">
    <subfield code="a">&lt;div>
						&lt;p>The key lesson we&amp;#8217;ve learned during this project is that the assumptions behind the hypothesis of this project need to be reconsidered, as in this context the &amp;#8216;long tail&amp;#8217; is complex and difficult to measure. Firstly how do we evaluate what is &amp;#8216;long tail&amp;#8217; from a user perspective? We may draw a line in the sand in terms of number of times an item has been borrowed, but this doesn&amp;#8217;t necessarily translate into individual or community contexts. Most of this project was taken up with processing the data and creating the API and UI; if we&amp;#8217;d had a bit more time we could have spent more resource dealing with these questions as they arose during testing.&lt;/p>
&lt;p>The focus groups highlight how diverse and unique each researcher and what they are researching is. We chose humanities  postgrads, PhD’s and masters level, but in this group alone we have a huge range of topic areas, from the incredibly niche to the rather more popular. Therefore we had some respondents who found the niche searches fruitful and others who found nothing, because their research area is so niche, hardly any material they don’t already know about doesn’t exist. In addition, when long tail is revealed, some researchers find it outdated or irrelevant. This is why it isn’t borrowed that often. So is there any merit in bringing it to the attention of the research community?&lt;/p>
&lt;p>Further more in-depth testing in this area needs to be done in order to find answers to some of these problems.  The testing for this project asked the respondents to rate their searches and pick out some of the more interesting texts. But we need to sit with fewer researchers and broaden the discussions. What is relevant? How do you guage it as relevant? Some of the respondents said the books were not relevant but more said they would borrow them, so where does this discrepancy come from? Perhaps ‘relevant’ is not the correct term, can the long tail of discovery produce new perspectives, interesting associations perhaps previously not thought of? Only one-to-one in-depth testing can give the right data which will then indicate which level the threshold should be set.&lt;/p>
&lt;p>After all is there any point in having a recommender which only gives you recommendations you expect or know about already? However, some participants wanted this from a recommender or expected it and were disappointed when they got results they could not predict. I know if I search for a CD on Amazon that I&amp;#8217;m familiar with I sometimes get recommendations I know about or already own. So the recommender means different things to different people. There is a group that are satisfied they know all the recommended texts and can sleep soundly knowing they have completely saturated their research topic and there is a group that need new material.&lt;/p>
&lt;p>The long tail hypothesis is a difficult one to prove in a short term project of 6 months. As its name suggests the long tail needs to be explored over a long time. Monitoring borrowing patterns in the library, click through and feedback from the user community and librarians will help to refine the recommender tool for ultimate effectiveness.&lt;/p>

&lt;div>

&lt;/div>&lt;div>&lt;div>&lt;h3>Like this:&lt;/h3>&lt;div>&lt;div>&lt;a href="http://salt11.wordpress.com/2011/08/01/lessons-learned-from-the-user-evaluation-perspective-or-can-we-define-the-long-tail/?like=1&amp;_wpnonce=037cd5ec4d" title="I like this." rel="nofollow">&lt;span>Like&lt;/span>&lt;/a>&lt;/div>&lt;div>Be the first to like this.&lt;/div>&lt;/div>&lt;/div>&lt;/div>											&lt;/div></subfield>
    <subfield code="b">&lt;div id="post-197" class="post-197 post type-post status-publish format-standard hentry category-uncategorized tag-activity-data tag-activitydata tag-humanities tag-jiscad tag-jiscsalt tag-libraries tag-personalisation tag-recommender tag-usage-data tag-users">
					&lt;h1 class="entry-title">Lessons learned from the user evaluation perspective (or can we define the &amp;#8216;long&amp;nbsp;tail&amp;#8217;?)&lt;/h1>

					&lt;div class="entry-meta">
						&lt;span class="meta-prep meta-prep-author">Posted on&lt;/span> &lt;a href="http://salt11.wordpress.com/2011/08/01/lessons-learned-from-the-user-evaluation-perspective-or-can-we-define-the-long-tail/" title="3:19 pm" rel="bookmark">&lt;span class="entry-date">August 1, 2011&lt;/span>&lt;/a> 						&lt;span class="by-author">&lt;span class="sep">by&lt;/span> &lt;span class="author vcard">&lt;a class="url fn n" href="http://salt11.wordpress.com/author/joypalmer/" title="View all posts by joypalmer" rel="author">joypalmer&lt;/a>&lt;/span> &lt;/span>					&lt;/div>&lt;!-- .entry-meta -->

					&lt;div class="entry-content">
						&lt;p>The key lesson we&amp;#8217;ve learned during this project is that the assumptions behind the hypothesis of this project need to be reconsidered, as in this context the &amp;#8216;long tail&amp;#8217; is complex and difficult to measure. Firstly how do we evaluate what is &amp;#8216;long tail&amp;#8217; from a user perspective? We may draw a line in the sand in terms of number of times an item has been borrowed, but this doesn&amp;#8217;t necessarily translate into individual or community contexts. Most of this project was taken up with processing the data and creating the API and UI; if we&amp;#8217;d had a bit more time we could have spent more resource dealing with these questions as they arose during testing.&lt;/p>
&lt;p>The focus groups highlight how diverse and unique each researcher and what they are researching is. We chose humanities  postgrads, PhD’s and masters level, but in this group alone we have a huge range of topic areas, from the incredibly niche to the rather more popular. Therefore we had some respondents who found the niche searches fruitful and others who found nothing, because their research area is so niche, hardly any material they don’t already know about doesn’t exist. In addition, when long tail is revealed, some researchers find it outdated or irrelevant. This is why it isn’t borrowed that often. So is there any merit in bringing it to the attention of the research community?&lt;/p>
&lt;p>Further more in-depth testing in this area needs to be done in order to find answers to some of these problems.  The testing for this project asked the respondents to rate their searches and pick out some of the more interesting texts. But we need to sit with fewer researchers and broaden the discussions. What is relevant? How do you guage it as relevant? Some of the respondents said the books were not relevant but more said they would borrow them, so where does this discrepancy come from? Perhaps ‘relevant’ is not the correct term, can the long tail of discovery produce new perspectives, interesting associations perhaps previously not thought of? Only one-to-one in-depth testing can give the right data which will then indicate which level the threshold should be set.&lt;/p>
&lt;p>After all is there any point in having a recommender which only gives you recommendations you expect or know about already? However, some participants wanted this from a recommender or expected it and were disappointed when they got results they could not predict. I know if I search for a CD on Amazon that I&amp;#8217;m familiar with I sometimes get recommendations I know about or already own. So the recommender means different things to different people. There is a group that are satisfied they know all the recommended texts and can sleep soundly knowing they have completely saturated their research topic and there is a group that need new material.&lt;/p>
&lt;p>The long tail hypothesis is a difficult one to prove in a short term project of 6 months. As its name suggests the long tail needs to be explored over a long time. Monitoring borrowing patterns in the library, click through and feedback from the user community and librarians will help to refine the recommender tool for ultimate effectiveness.&lt;/p>

&lt;div class="wpadvert" style="text-align: center; padding: 5px; background: #; padding: 5px; margin: 10px auto;">
&lt;script type="text/javascript">
GA_googleAddAttr("AdOpt", "1");
GA_googleAddAttr("Origin", "other");
GA_googleAddAttr("theme_bg", "ffffff"); 
GA_googleAddAttr("theme_text", "333333"); 
GA_googleAddAttr("theme_link", "0066cc"); 
GA_googleAddAttr("theme_border", "cccccc"); 
GA_googleAddAttr("theme_url", "ff4b33"); 
GA_googleAddAttr("LangId", "1");
GA_googleAddAttr("Domain", "salt11.wordpress.com");
GA_googleAddAttr("Autotag", "science");
GA_googleAddAttr("Autotag", "technology");
GA_googleAddAttr("Tag", "activity-data");
GA_googleAddAttr("Tag", "activitydata");
GA_googleAddAttr("Tag", "humanities");
GA_googleAddAttr("Tag", "jiscad");
GA_googleAddAttr("Tag", "jiscsalt");
GA_googleAddAttr("Tag", "libraries");
GA_googleAddAttr("Tag", "personalisation");
GA_googleAddAttr("Tag", "recommender");
GA_googleAddAttr("Tag", "usage-data");
GA_googleAddAttr("Tag", "users");

GA_googleFillSlot("wpcom_below_post");
&lt;/script>
&lt;/div>&lt;div id="jp-post-flair" class="sharedaddy sd-like-enabled">&lt;div class="wpl-likebox sd-block sd-like">&lt;h3 class="sd-title">Like this:&lt;/h3>&lt;div class="sd-content">&lt;div id="like-197" class="wpl-button ">&lt;a href='http://salt11.wordpress.com/2011/08/01/lessons-learned-from-the-user-evaluation-perspective-or-can-we-define-the-long-tail/?like=1&amp;amp;_wpnonce=037cd5ec4d' title='I like this.' class='like needs-login sd-button' rel='nofollow'>&lt;span>Like&lt;/span>&lt;/a>&lt;/div>&lt;div class="wpl-count sd-like-count">Be the first to like this.&lt;/div>&lt;/div>&lt;/div>&lt;/div>											&lt;/div>&lt;!-- .entry-content -->


					&lt;div class="entry-utility">
						This entry was posted in &lt;a href="http://salt11.wordpress.com/category/uncategorized/" title="View all posts in Uncategorized" rel="category tag">Uncategorized&lt;/a> and tagged &lt;a href="http://salt11.wordpress.com/tag/activity-data/" rel="tag">activity data&lt;/a>, &lt;a href="http://salt11.wordpress.com/tag/activitydata/" rel="tag">activitydata&lt;/a>, &lt;a href="http://salt11.wordpress.com/tag/humanities/" rel="tag">humanities&lt;/a>, &lt;a href="http://salt11.wordpress.com/tag/jiscad/" rel="tag">jiscad&lt;/a>, &lt;a href="http://salt11.wordpress.com/tag/jiscsalt/" rel="tag">jiscsalt&lt;/a>, &lt;a href="http://salt11.wordpress.com/tag/libraries/" rel="tag">libraries&lt;/a>, &lt;a href="http://salt11.wordpress.com/tag/personalisation/" rel="tag">personalisation&lt;/a>, &lt;a href="http://salt11.wordpress.com/tag/recommender/" rel="tag">recommender&lt;/a>, &lt;a href="http://salt11.wordpress.com/tag/usage-data/" rel="tag">usage data&lt;/a>, &lt;a href="http://salt11.wordpress.com/tag/users/" rel="tag">users&lt;/a>. Bookmark the &lt;a href="http://salt11.wordpress.com/2011/08/01/lessons-learned-from-the-user-evaluation-perspective-or-can-we-define-the-long-tail/" title="Permalink to Lessons learned from the user evaluation perspective (or can we define the &amp;#8216;long&amp;nbsp;tail&amp;#8217;?)" rel="bookmark">permalink&lt;/a>.											&lt;/div>&lt;!-- .entry-utility -->
				&lt;/div></subfield>
    <subfield code="u">http://salt11.wordpress.com/2011/08/01/lessons-learned-from-the-user-evaluation-perspective-or-can-we-define-the-long-tail/</subfield>
  </datafield>
</record>