
<record>
  <controlfield tag="001">1761</controlfield>
  <controlfield tag="002">Post_2049</controlfield>
  <controlfield tag="005">20121112155424.0</controlfield>
  <datafield tag="980" ind1=" " ind2=" ">
    <subfield code="a">BLOGPOST</subfield>
  </datafield>
  <datafield tag="245" ind1=" " ind2=" ">
    <subfield code="a">What do the users think of the SALT recommender?</subfield>
  </datafield>
  <datafield tag="336" ind1=" " ind2=" ">
    <subfield code="a">BLOGPOST</subfield>
  </datafield>
  <datafield tag="760" ind1=" " ind2=" ">
    <subfield code="o">http://salt11.wordpress.com</subfield>
    <subfield code="4">BLOG</subfield>
    <subfield code="w">160</subfield>
  </datafield>
  <datafield tag="100" ind1=" " ind2=" ">
    <subfield code="a">janinerigby</subfield>
  </datafield>
  <datafield tag="781" ind1=" " ind2=" ">
    <subfield code="a">http://wordpress.com/</subfield>
  </datafield>
  <datafield tag="856" ind1="4" ind2=" ">
    <subfield code="u">http://bf3.itc.auth.gr/record/1761/files/Post_2049.xml_mets</subfield>
  </datafield>
  <datafield tag="856" ind1=" " ind2="0">
    <subfield code="u">http://salt11.files.wordpress.com/2011/07/recommedendations-useful1.png</subfield>
  </datafield>
  <datafield tag="856" ind1=" " ind2="0">
    <subfield code="u">http://salt11.files.wordpress.com/2011/07/recommendations1.png</subfield>
  </datafield>
  <datafield tag="856" ind1=" " ind2="0">
    <subfield code="u">http://salt11.files.wordpress.com/2011/07/borrow2.png</subfield>
  </datafield>
  <datafield tag="856" ind1=" " ind2="0">
    <subfield code="u">http://salt11.wordpress.com/2011/07/29/what-do-the-users-think-of-the-salt-recommender/?like=1&amp;_wpnonce=037cd5ec4d</subfield>
    <subfield code="y">Like</subfield>
    <subfield code="z">I like this.</subfield>
  </datafield>
  <datafield tag="269" ind1=" " ind2=" ">
    <subfield code="c">29.07.2011 19:13:26</subfield>
  </datafield>
  <datafield tag="520" ind1=" " ind2=" ">
    <subfield code="a">&lt;div>
						&lt;p>Following internal in house testing the recommender was open to the users. In the last week of July 18 humanities postgraduates passed through the SALT testing labs, (11 PhD students, 3 taught Masters students and 4 research students). Lisa and I held three focus groups and grilled our potential users about the SALT recommender. The research methods used were designed to answer our objectives, with an informal discussion to begin with to find out how postgraduate students approach library research and to gauge the potential support for the book recommender. Following the discussion we began testing the actual recommender to answer our other research objectives which were:&lt;/p>
&lt;ul>
&lt;li>Does SALT give you recommendations which are logical and useful?&lt;/li>
&lt;li>Does it make you borrow more library books?&lt;/li>
&lt;li>Does it suggest to you books and materials you may not have known about but are useful and interesting?&lt;/li>
&lt;/ul>
&lt;p>As a team we agreed to set the threshold of the SALT recommender deliberately low, with a view to increasing this and testing again if results were not good. &lt;strong>As our hypothesis is based on discovering the hidden long tail of library research we wanted the recommender to return results that were unexpected &amp;#8211; research gems that were treasured and worthy items but had somehow been lost and only borrowed a few times. &lt;/strong>&lt;/p>
&lt;p>42 searches in total were done on the SALT recommender and of those 42, &lt;strong>77.5% returned at least one recommendation, (usually many more) that participants said would be useful.&lt;/strong> (As an aside, one of the focus groups participants found something so relevant she immediately went to borrow it after the group has finished!)&lt;/p>
&lt;p>&lt;a href="http://salt11.files.wordpress.com/2011/07/recommedendations-useful1.png">&lt;img title="recommedendations useful" src="http://salt11.files.wordpress.com/2011/07/recommedendations-useful1.png?w=640" alt="">&lt;/a>&lt;/p>
&lt;p>However the deliberately low threshold may have caused some illogical returns.  The groups were asked to comment on the relevance of the first 5 recommendations, but &lt;strong>quite often it was the books further down the list that were of more relevance and interest.&lt;/strong>  One respondent referred to it as a ‘Curate’s egg’ however, assured me this was in reference to some good and some bad. His first five were of little relevance, ‘only tangentially linked’, his 6&lt;sup>th&lt;/sup>, 7&lt;sup>th&lt;/sup>, 8&lt;sup>th&lt;/sup>, 9&lt;sup>th&lt;/sup>, 11&lt;sup>th &lt;/sup>and even 17&lt;sup>th&lt;/sup> recommendations were all ‘very relevant’. Unfortunately this gave disappointing results when the first 5 suggested texts were rated for relevance, as demonstrated in the pie chart below.&lt;/p>
&lt;p>&lt;a href="http://salt11.files.wordpress.com/2011/07/recommendations1.png">&lt;img title="Recommendations" src="http://salt11.files.wordpress.com/2011/07/recommendations1.png?w=640" alt="">&lt;/a>&lt;/p>
&lt;p>However the likelihood of borrowing these items gave slightly more encouraging results;&lt;/p>
&lt;p>&lt;a href="http://salt11.files.wordpress.com/2011/07/borrow2.png">&lt;img title="Borrow" src="http://salt11.files.wordpress.com/2011/07/borrow2.png?w=640" alt="">&lt;/a>&lt;/p>
&lt;p>&lt;strong>Clearly we’ve been keen on the threshold count&lt;/strong>.  Lessons need to be learnt about the threshold number and this perhaps is a reflection of our initial hypothesis. We think that there would be much merit in increasing the threshold number and retesting.&lt;/p>
&lt;p>On a positive note, initial discussions with the researchers (and just a reminder these are seasoned researchers, experts in their chosen fields familiar and long term users of the John Ryland’s University Research Library) told us that the recommender would be a welcome addition to Copac and the library catalogue. &lt;strong>99% of the researchers in the groups had used and were familiar with Amazons recommender function and 100% would welcome a similar function on the catalogues based on circulation records&lt;/strong>.&lt;/p>
&lt;p>Another very pertinent point, and I cannot stress this strongly enough, was the reactions expressed in regards to privacy and collection and subsequent use of this data. The groups were slightly bemused by questions regarding privacy. &lt;strong>No one expressed any concern about the collection of activity data and its use in the recommender&lt;/strong>. In fact most assumed this data was collected anyway and encouraged us to use it in this way, as ultimately it is being used to develop a tool which helps them to research more effectively and efficiently.&lt;/p>
&lt;p>Overwhelmingly, the groups found the recommender useful. They were keen that their comments be fed back to developers and that work should continue on the recommender to get the results right as they were keen to use it and hoped it would be available soon.&lt;/p>

&lt;div>

&lt;/div>&lt;div>&lt;div>&lt;h3>Like this:&lt;/h3>&lt;div>&lt;div>&lt;a href="http://salt11.wordpress.com/2011/07/29/what-do-the-users-think-of-the-salt-recommender/?like=1&amp;_wpnonce=037cd5ec4d" title="I like this." rel="nofollow">&lt;span>Like&lt;/span>&lt;/a>&lt;/div>&lt;div>Be the first to like this.&lt;/div>&lt;/div>&lt;/div>&lt;/div>											&lt;/div></subfield>
    <subfield code="b">&lt;div id="post-157" class="post-157 post type-post status-publish format-standard hentry category-uncategorized tag-activity-data tag-activitydata tag-humanities tag-jiscad tag-jiscsalt tag-libraries tag-recommender tag-usage-data tag-userbehaviour tag-users">
					&lt;h1 class="entry-title">What do the users think of the SALT&amp;nbsp;recommender?&lt;/h1>

					&lt;div class="entry-meta">
						&lt;span class="meta-prep meta-prep-author">Posted on&lt;/span> &lt;a href="http://salt11.wordpress.com/2011/07/29/what-do-the-users-think-of-the-salt-recommender/" title="6:13 pm" rel="bookmark">&lt;span class="entry-date">July 29, 2011&lt;/span>&lt;/a> 						&lt;span class="by-author">&lt;span class="sep">by&lt;/span> &lt;span class="author vcard">&lt;a class="url fn n" href="http://salt11.wordpress.com/author/janinerigby/" title="View all posts by janinerigby" rel="author">janinerigby&lt;/a>&lt;/span> &lt;/span>					&lt;/div>&lt;!-- .entry-meta -->

					&lt;div class="entry-content">
						&lt;p>Following internal in house testing the recommender was open to the users. In the last week of July 18 humanities postgraduates passed through the SALT testing labs, (11 PhD students, 3 taught Masters students and 4 research students). Lisa and I held three focus groups and grilled our potential users about the SALT recommender. The research methods used were designed to answer our objectives, with an informal discussion to begin with to find out how postgraduate students approach library research and to gauge the potential support for the book recommender. Following the discussion we began testing the actual recommender to answer our other research objectives which were:&lt;/p>
&lt;ul>
&lt;li>Does SALT give you recommendations which are logical and useful?&lt;/li>
&lt;li>Does it make you borrow more library books?&lt;/li>
&lt;li>Does it suggest to you books and materials you may not have known about but are useful and interesting?&lt;/li>
&lt;/ul>
&lt;p>As a team we agreed to set the threshold of the SALT recommender deliberately low, with a view to increasing this and testing again if results were not good. &lt;strong>As our hypothesis is based on discovering the hidden long tail of library research we wanted the recommender to return results that were unexpected &amp;#8211; research gems that were treasured and worthy items but had somehow been lost and only borrowed a few times. &lt;/strong>&lt;/p>
&lt;p>42 searches in total were done on the SALT recommender and of those 42, &lt;strong>77.5% returned at least one recommendation, (usually many more) that participants said would be useful.&lt;/strong> (As an aside, one of the focus groups participants found something so relevant she immediately went to borrow it after the group has finished!)&lt;/p>
&lt;p>&lt;a href="http://salt11.files.wordpress.com/2011/07/recommedendations-useful1.png">&lt;img class="alignnone size-full wp-image-168" title="recommedendations useful" src="http://salt11.files.wordpress.com/2011/07/recommedendations-useful1.png?w=640" alt="">&lt;/a>&lt;/p>
&lt;p>However the deliberately low threshold may have caused some illogical returns.  The groups were asked to comment on the relevance of the first 5 recommendations, but &lt;strong>quite often it was the books further down the list that were of more relevance and interest.&lt;/strong>  One respondent referred to it as a ‘Curate’s egg’ however, assured me this was in reference to some good and some bad. His first five were of little relevance, ‘only tangentially linked’, his 6&lt;sup>th&lt;/sup>, 7&lt;sup>th&lt;/sup>, 8&lt;sup>th&lt;/sup>, 9&lt;sup>th&lt;/sup>, 11&lt;sup>th &lt;/sup>and even 17&lt;sup>th&lt;/sup> recommendations were all ‘very relevant’. Unfortunately this gave disappointing results when the first 5 suggested texts were rated for relevance, as demonstrated in the pie chart below.&lt;/p>
&lt;p>&lt;a href="http://salt11.files.wordpress.com/2011/07/recommendations1.png">&lt;img class="alignnone size-full wp-image-165" title="Recommendations" src="http://salt11.files.wordpress.com/2011/07/recommendations1.png?w=640" alt="">&lt;/a>&lt;/p>
&lt;p>However the likelihood of borrowing these items gave slightly more encouraging results;&lt;/p>
&lt;p>&lt;a href="http://salt11.files.wordpress.com/2011/07/borrow2.png">&lt;img class="alignnone size-full wp-image-172" title="Borrow" src="http://salt11.files.wordpress.com/2011/07/borrow2.png?w=640" alt="">&lt;/a>&lt;/p>
&lt;p>&lt;strong>Clearly we’ve been keen on the threshold count&lt;/strong>.  Lessons need to be learnt about the threshold number and this perhaps is a reflection of our initial hypothesis. We think that there would be much merit in increasing the threshold number and retesting.&lt;/p>
&lt;p>On a positive note, initial discussions with the researchers (and just a reminder these are seasoned researchers, experts in their chosen fields familiar and long term users of the John Ryland’s University Research Library) told us that the recommender would be a welcome addition to Copac and the library catalogue. &lt;strong>99% of the researchers in the groups had used and were familiar with Amazons recommender function and 100% would welcome a similar function on the catalogues based on circulation records&lt;/strong>.&lt;/p>
&lt;p>Another very pertinent point, and I cannot stress this strongly enough, was the reactions expressed in regards to privacy and collection and subsequent use of this data. The groups were slightly bemused by questions regarding privacy. &lt;strong>No one expressed any concern about the collection of activity data and its use in the recommender&lt;/strong>. In fact most assumed this data was collected anyway and encouraged us to use it in this way, as ultimately it is being used to develop a tool which helps them to research more effectively and efficiently.&lt;/p>
&lt;p>Overwhelmingly, the groups found the recommender useful. They were keen that their comments be fed back to developers and that work should continue on the recommender to get the results right as they were keen to use it and hoped it would be available soon.&lt;/p>

&lt;div class="wpadvert" style="text-align: center; padding: 5px; background: #; padding: 5px; margin: 10px auto;">
&lt;script type="text/javascript">
GA_googleAddAttr("AdOpt", "1");
GA_googleAddAttr("Origin", "other");
GA_googleAddAttr("theme_bg", "ffffff"); 
GA_googleAddAttr("theme_text", "333333"); 
GA_googleAddAttr("theme_link", "0066cc"); 
GA_googleAddAttr("theme_border", "cccccc"); 
GA_googleAddAttr("theme_url", "ff4b33"); 
GA_googleAddAttr("LangId", "1");
GA_googleAddAttr("Domain", "salt11.wordpress.com");
GA_googleAddAttr("Autotag", "technology");
GA_googleAddAttr("Autotag", "science");
GA_googleAddAttr("Tag", "activity-data");
GA_googleAddAttr("Tag", "activitydata");
GA_googleAddAttr("Tag", "humanities");
GA_googleAddAttr("Tag", "jiscad");
GA_googleAddAttr("Tag", "jiscsalt");
GA_googleAddAttr("Tag", "libraries");
GA_googleAddAttr("Tag", "recommender");
GA_googleAddAttr("Tag", "usage-data");
GA_googleAddAttr("Tag", "userbehaviour");
GA_googleAddAttr("Tag", "users");

GA_googleFillSlot("wpcom_below_post");
&lt;/script>
&lt;/div>&lt;div id="jp-post-flair" class="sharedaddy sd-like-enabled">&lt;div class="wpl-likebox sd-block sd-like">&lt;h3 class="sd-title">Like this:&lt;/h3>&lt;div class="sd-content">&lt;div id="like-157" class="wpl-button ">&lt;a href='http://salt11.wordpress.com/2011/07/29/what-do-the-users-think-of-the-salt-recommender/?like=1&amp;amp;_wpnonce=037cd5ec4d' title='I like this.' class='like needs-login sd-button' rel='nofollow'>&lt;span>Like&lt;/span>&lt;/a>&lt;/div>&lt;div class="wpl-count sd-like-count">Be the first to like this.&lt;/div>&lt;/div>&lt;/div>&lt;/div>											&lt;/div>&lt;!-- .entry-content -->


					&lt;div class="entry-utility">
						This entry was posted in &lt;a href="http://salt11.wordpress.com/category/uncategorized/" title="View all posts in Uncategorized" rel="category tag">Uncategorized&lt;/a> and tagged &lt;a href="http://salt11.wordpress.com/tag/activity-data/" rel="tag">activity data&lt;/a>, &lt;a href="http://salt11.wordpress.com/tag/activitydata/" rel="tag">activitydata&lt;/a>, &lt;a href="http://salt11.wordpress.com/tag/humanities/" rel="tag">humanities&lt;/a>, &lt;a href="http://salt11.wordpress.com/tag/jiscad/" rel="tag">jiscad&lt;/a>, &lt;a href="http://salt11.wordpress.com/tag/jiscsalt/" rel="tag">jiscsalt&lt;/a>, &lt;a href="http://salt11.wordpress.com/tag/libraries/" rel="tag">libraries&lt;/a>, &lt;a href="http://salt11.wordpress.com/tag/recommender/" rel="tag">recommender&lt;/a>, &lt;a href="http://salt11.wordpress.com/tag/usage-data/" rel="tag">usage data&lt;/a>, &lt;a href="http://salt11.wordpress.com/tag/userbehaviour/" rel="tag">userbehaviour&lt;/a>, &lt;a href="http://salt11.wordpress.com/tag/users/" rel="tag">users&lt;/a>. Bookmark the &lt;a href="http://salt11.wordpress.com/2011/07/29/what-do-the-users-think-of-the-salt-recommender/" title="Permalink to What do the users think of the SALT&amp;nbsp;recommender?" rel="bookmark">permalink&lt;/a>.											&lt;/div>&lt;!-- .entry-utility -->
				&lt;/div></subfield>
    <subfield code="u">http://salt11.wordpress.com/2011/07/29/what-do-the-users-think-of-the-salt-recommender/</subfield>
  </datafield>
</record>