
<record>
  <controlfield tag="001">1760</controlfield>
  <controlfield tag="002">Post_2048</controlfield>
  <controlfield tag="005">20121112155422.0</controlfield>
  <datafield tag="980" ind1=" " ind2=" ">
    <subfield code="a">BLOGPOST</subfield>
  </datafield>
  <datafield tag="245" ind1=" " ind2=" ">
    <subfield code="a">Refining SALT (techie lessons learned)</subfield>
  </datafield>
  <datafield tag="336" ind1=" " ind2=" ">
    <subfield code="a">BLOGPOST</subfield>
  </datafield>
  <datafield tag="760" ind1=" " ind2=" ">
    <subfield code="o">http://salt11.wordpress.com</subfield>
    <subfield code="4">BLOG</subfield>
    <subfield code="w">160</subfield>
  </datafield>
  <datafield tag="100" ind1=" " ind2=" ">
    <subfield code="a">dchaplin70</subfield>
  </datafield>
  <datafield tag="781" ind1=" " ind2=" ">
    <subfield code="a">http://wordpress.com/</subfield>
  </datafield>
  <datafield tag="856" ind1="4" ind2=" ">
    <subfield code="u">http://bf3.itc.auth.gr/record/1760/files/Post_2048.xml_mets</subfield>
  </datafield>
  <datafield tag="856" ind1=" " ind2="0">
    <subfield code="u">http://www.library.manchester.ac.uk/</subfield>
    <subfield code="y">JRUL</subfield>
    <subfield code="z">The John Rylands University Library</subfield>
  </datafield>
  <datafield tag="856" ind1=" " ind2="0">
    <subfield code="u">http://salt11.wordpress.com/2011/06/16/see-salt-a-demo/</subfield>
    <subfield code="y">See SALT a demo</subfield>
    <subfield code="z">SALT Demo</subfield>
  </datafield>
  <datafield tag="856" ind1=" " ind2="0">
    <subfield code="u">http://salt11.wordpress.com/2011/07/29/refining-salt/?like=1&amp;_wpnonce=037cd5ec4d</subfield>
    <subfield code="y">Like</subfield>
    <subfield code="z">I like this.</subfield>
  </datafield>
  <datafield tag="269" ind1=" " ind2=" ">
    <subfield code="c">29.07.2011 15:29:43</subfield>
  </datafield>
  <datafield tag="520" ind1=" " ind2=" ">
    <subfield code="a">&lt;div>
						&lt;p>While early tests with a sample set of data from &lt;a title="The John Rylands University Library" href="http://www.library.manchester.ac.uk/">JRUL&lt;/a> were encouraging, see &lt;a title="SALT Demo" href="http://salt11.wordpress.com/2011/06/16/see-salt-a-demo/">See SALT &amp;#8211; a demo&lt;/a>, an overhaul of the methodology behind the recommender API was required once the full set of loan transactions was obtained.&lt;/p>
&lt;p>It was feared that processing the data into the &lt;em>nborrowers&lt;/em> table &amp;#8211; containing, for each combination of two items, a count of the unique number of library users to have borrowed both items &amp;#8211; might become too onerous with the anticipated 3 million records.  That fear turned to blind panic when 8 million loan records actually arrived!&lt;/p>
&lt;p>The approach for processing the data for the API was thus re-jigged.  As before the data was loaded into two MySQL tables, &lt;em>items&lt;/em> and &lt;em>loans&lt;/em>, and then some simple processing pushed the total number of loans for each item into a further, &lt;em>nloans&lt;/em>, table.  The remainder of the logic for the recommender was moved to run, on demand, in the API.&lt;/p>
&lt;p>Given the ISBN of a certain item, let&amp;#8217;s say ITEM A, and a threshold value, the PHP script for the API was coded to do the following:&lt;/p>
&lt;ol>
&lt;li>Find the list of all users in the &lt;em>loans&lt;/em> table who have borrowed ITEM A&lt;/li>
&lt;li>For each user found in 1. find the list of all items in the &lt;em>loans&lt;/em> table that have been borrowed by that user&lt;/li>
&lt;li>Sum across the lists of items found in 2. to compile a single list of all possible suggested items which includes, for each of these items, the number of unique users to have borrowed both that item and ITEM A&lt;/li>
&lt;li>From the list in 3. remove ITEM A and any items for which the number of unique users falls below the given threshold&lt;/li>
&lt;li>For each item in the list derived in 4. divide the number of unique users of that item by the total number of times that item has been borrowed, from the &lt;em>nloans&lt;/em> table&lt;/li>
&lt;li>Rank the items in the list in 5. by the ratio of unique users to total loans&lt;/li>
&lt;li>Find the details of each item in the list in 6. from the &lt;em>items&lt;/em> table and return the list of suggestions&lt;/li>
&lt;/ol>
&lt;p>Testing showed that certain queries of the MySQL database involved in the above process were time consuming and affected the responsiveness of the API.  The following extra pre-processing was thus performed:&lt;/p>
&lt;ul>
&lt;li>The &lt;em>items&lt;/em> table was split into 10 smaller tables&lt;/li>
&lt;li>The &lt;em>loans&lt;/em> table was split into 5 smaller tables&lt;/li>
&lt;/ul>
&lt;p>With queries rewritten so that searches access each of these smaller tables in turn rather than just looking at the original, large tables there was a significant boost in API performance.  The number of divisions for the above splits was somewhat arbitrary but was sufficient to render the API usable for testing.&lt;/p>
&lt;p>Further analysis would more than likely bring additional performance benefits, especially relevant as the amount of data is only going to grow (*).  Also on the to-do list is expanding the range of output formats for the API; at present only &lt;em>xml&lt;/em> and &lt;em>json&lt;/em> are offered though both of the developers implementing the API in Copac and in JRUL respectively suggested that &lt;em>jsonp&lt;/em> would be easier to work with.&lt;/p>
&lt;p>(*) For reference, just over 8 million loan transactions are used for the current SALT recommender covering all available records up to July 2011, and these loans feature around 628,000 individual library items.&lt;/p>

&lt;div>

&lt;/div>&lt;div>&lt;div>&lt;h3>Like this:&lt;/h3>&lt;div>&lt;div>&lt;a href="http://salt11.wordpress.com/2011/07/29/refining-salt/?like=1&amp;_wpnonce=037cd5ec4d" title="I like this." rel="nofollow">&lt;span>Like&lt;/span>&lt;/a>&lt;/div>&lt;div>Be the first to like this.&lt;/div>&lt;/div>&lt;/div>&lt;/div>											&lt;/div></subfield>
    <subfield code="b">&lt;div id="post-141" class="post-141 post type-post status-publish format-standard hentry category-uncategorized tag-api tag-jiscad tag-jiscsalt tag-recommender tag-usage-data">
					&lt;h1 class="entry-title">Refining SALT (techie lessons&amp;nbsp;learned)&lt;/h1>

					&lt;div class="entry-meta">
						&lt;span class="meta-prep meta-prep-author">Posted on&lt;/span> &lt;a href="http://salt11.wordpress.com/2011/07/29/refining-salt/" title="2:29 pm" rel="bookmark">&lt;span class="entry-date">July 29, 2011&lt;/span>&lt;/a> 						&lt;span class="by-author">&lt;span class="sep">by&lt;/span> &lt;span class="author vcard">&lt;a class="url fn n" href="http://salt11.wordpress.com/author/dchaplin70/" title="View all posts by dchaplin70" rel="author">dchaplin70&lt;/a>&lt;/span> &lt;/span>					&lt;/div>&lt;!-- .entry-meta -->

					&lt;div class="entry-content">
						&lt;p>While early tests with a sample set of data from &lt;a title="The John Rylands University Library" href="http://www.library.manchester.ac.uk/">JRUL&lt;/a> were encouraging, see &lt;a title="SALT Demo" href="http://salt11.wordpress.com/2011/06/16/see-salt-a-demo/">See SALT &amp;#8211; a demo&lt;/a>, an overhaul of the methodology behind the recommender API was required once the full set of loan transactions was obtained.&lt;/p>
&lt;p>It was feared that processing the data into the &lt;em>nborrowers&lt;/em> table &amp;#8211; containing, for each combination of two items, a count of the unique number of library users to have borrowed both items &amp;#8211; might become too onerous with the anticipated 3 million records.  That fear turned to blind panic when 8 million loan records actually arrived!&lt;/p>
&lt;p>The approach for processing the data for the API was thus re-jigged.  As before the data was loaded into two MySQL tables, &lt;em>items&lt;/em> and &lt;em>loans&lt;/em>, and then some simple processing pushed the total number of loans for each item into a further, &lt;em>nloans&lt;/em>, table.  The remainder of the logic for the recommender was moved to run, on demand, in the API.&lt;/p>
&lt;p>Given the ISBN of a certain item, let&amp;#8217;s say ITEM A, and a threshold value, the PHP script for the API was coded to do the following:&lt;/p>
&lt;ol>
&lt;li>Find the list of all users in the &lt;em>loans&lt;/em> table who have borrowed ITEM A&lt;/li>
&lt;li>For each user found in 1. find the list of all items in the &lt;em>loans&lt;/em> table that have been borrowed by that user&lt;/li>
&lt;li>Sum across the lists of items found in 2. to compile a single list of all possible suggested items which includes, for each of these items, the number of unique users to have borrowed both that item and ITEM A&lt;/li>
&lt;li>From the list in 3. remove ITEM A and any items for which the number of unique users falls below the given threshold&lt;/li>
&lt;li>For each item in the list derived in 4. divide the number of unique users of that item by the total number of times that item has been borrowed, from the &lt;em>nloans&lt;/em> table&lt;/li>
&lt;li>Rank the items in the list in 5. by the ratio of unique users to total loans&lt;/li>
&lt;li>Find the details of each item in the list in 6. from the &lt;em>items&lt;/em> table and return the list of suggestions&lt;/li>
&lt;/ol>
&lt;p>Testing showed that certain queries of the MySQL database involved in the above process were time consuming and affected the responsiveness of the API.  The following extra pre-processing was thus performed:&lt;/p>
&lt;ul>
&lt;li>The &lt;em>items&lt;/em> table was split into 10 smaller tables&lt;/li>
&lt;li>The &lt;em>loans&lt;/em> table was split into 5 smaller tables&lt;/li>
&lt;/ul>
&lt;p>With queries rewritten so that searches access each of these smaller tables in turn rather than just looking at the original, large tables there was a significant boost in API performance.  The number of divisions for the above splits was somewhat arbitrary but was sufficient to render the API usable for testing.&lt;/p>
&lt;p>Further analysis would more than likely bring additional performance benefits, especially relevant as the amount of data is only going to grow (*).  Also on the to-do list is expanding the range of output formats for the API; at present only &lt;em>xml&lt;/em> and &lt;em>json&lt;/em> are offered though both of the developers implementing the API in Copac and in JRUL respectively suggested that &lt;em>jsonp&lt;/em> would be easier to work with.&lt;/p>
&lt;p>(*) For reference, just over 8 million loan transactions are used for the current SALT recommender covering all available records up to July 2011, and these loans feature around 628,000 individual library items.&lt;/p>

&lt;div class="wpadvert" style="text-align: center; padding: 5px; background: #; padding: 5px; margin: 10px auto;">
&lt;script type="text/javascript">
GA_googleAddAttr("AdOpt", "1");
GA_googleAddAttr("Origin", "other");
GA_googleAddAttr("theme_bg", "ffffff"); 
GA_googleAddAttr("theme_text", "333333"); 
GA_googleAddAttr("theme_link", "0066cc"); 
GA_googleAddAttr("theme_border", "cccccc"); 
GA_googleAddAttr("theme_url", "ff4b33"); 
GA_googleAddAttr("LangId", "1");
GA_googleAddAttr("Domain", "salt11.wordpress.com");
GA_googleAddAttr("Autotag", "business");
GA_googleAddAttr("Autotag", "technology");
GA_googleAddAttr("Autotag", "money");
GA_googleAddAttr("Tag", "api");
GA_googleAddAttr("Tag", "jiscad");
GA_googleAddAttr("Tag", "jiscsalt");
GA_googleAddAttr("Tag", "recommender");
GA_googleAddAttr("Tag", "usage-data");

GA_googleFillSlot("wpcom_below_post");
&lt;/script>
&lt;/div>&lt;div id="jp-post-flair" class="sharedaddy sd-like-enabled">&lt;div class="wpl-likebox sd-block sd-like">&lt;h3 class="sd-title">Like this:&lt;/h3>&lt;div class="sd-content">&lt;div id="like-141" class="wpl-button ">&lt;a href='http://salt11.wordpress.com/2011/07/29/refining-salt/?like=1&amp;amp;_wpnonce=037cd5ec4d' title='I like this.' class='like needs-login sd-button' rel='nofollow'>&lt;span>Like&lt;/span>&lt;/a>&lt;/div>&lt;div class="wpl-count sd-like-count">Be the first to like this.&lt;/div>&lt;/div>&lt;/div>&lt;/div>											&lt;/div>&lt;!-- .entry-content -->


					&lt;div class="entry-utility">
						This entry was posted in &lt;a href="http://salt11.wordpress.com/category/uncategorized/" title="View all posts in Uncategorized" rel="category tag">Uncategorized&lt;/a> and tagged &lt;a href="http://salt11.wordpress.com/tag/api/" rel="tag">api&lt;/a>, &lt;a href="http://salt11.wordpress.com/tag/jiscad/" rel="tag">jiscad&lt;/a>, &lt;a href="http://salt11.wordpress.com/tag/jiscsalt/" rel="tag">jiscsalt&lt;/a>, &lt;a href="http://salt11.wordpress.com/tag/recommender/" rel="tag">recommender&lt;/a>, &lt;a href="http://salt11.wordpress.com/tag/usage-data/" rel="tag">usage data&lt;/a>. Bookmark the &lt;a href="http://salt11.wordpress.com/2011/07/29/refining-salt/" title="Permalink to Refining SALT (techie lessons&amp;nbsp;learned)" rel="bookmark">permalink&lt;/a>.											&lt;/div>&lt;!-- .entry-utility -->
				&lt;/div></subfield>
    <subfield code="u">http://salt11.wordpress.com/2011/07/29/refining-salt/</subfield>
  </datafield>
</record>