
<record>
  <controlfield tag="001">1758</controlfield>
  <controlfield tag="002">Post_2046</controlfield>
  <controlfield tag="005">20121112155417.0</controlfield>
  <datafield tag="980" ind1=" " ind2=" ">
    <subfield code="a">BLOGPOST</subfield>
  </datafield>
  <datafield tag="245" ind1=" " ind2=" ">
    <subfield code="a">Agreeing licensing of data</subfield>
  </datafield>
  <datafield tag="336" ind1=" " ind2=" ">
    <subfield code="a">BLOGPOST</subfield>
  </datafield>
  <datafield tag="760" ind1=" " ind2=" ">
    <subfield code="o">http://salt11.wordpress.com</subfield>
    <subfield code="4">BLOG</subfield>
    <subfield code="w">160</subfield>
  </datafield>
  <datafield tag="100" ind1=" " ind2=" ">
    <subfield code="a">andyjland</subfield>
  </datafield>
  <datafield tag="781" ind1=" " ind2=" ">
    <subfield code="a">http://wordpress.com/</subfield>
  </datafield>
  <datafield tag="856" ind1="4" ind2=" ">
    <subfield code="u">http://bf3.itc.auth.gr/record/1758/files/Post_2046.xml_mets</subfield>
  </datafield>
  <datafield tag="856" ind1=" " ind2="0">
    <subfield code="u">http://obd.jisc.ac.uk/rights-and-licensing</subfield>
    <subfield code="y">http://obd.jisc.ac.uk/rights-and-licensing</subfield>
  </datafield>
  <datafield tag="856" ind1=" " ind2="0">
    <subfield code="u">http://salt11.wordpress.com/2011/07/26/agreeing-licensing-of-data/?like=1&amp;_wpnonce=037cd5ec4d</subfield>
    <subfield code="y">Like</subfield>
    <subfield code="z">I like this.</subfield>
  </datafield>
  <datafield tag="269" ind1=" " ind2=" ">
    <subfield code="c">26.07.2011 12:05:58</subfield>
  </datafield>
  <datafield tag="520" ind1=" " ind2=" ">
    <subfield code="a">&lt;div>
						&lt;p>The John Rylands University Library &lt;em>New Directions&lt;/em> Library strategy includes a commitment to &amp;#8221; investigate innovative ways to extract, reuse and expose data across our systems to enhance the searching and usage of our resources.&amp;#8221;  The release of JRUL loan data (details of about 8 million transactions going back 10 years) is viewed by the JRUL as part of this commitment.&lt;/p>
&lt;p>The main issue to address in releasing this data is how you do this in way that protects personal information whilst ensuring that the data can be used in a meaningful way.  Within JRUL the following approach was agreed.&lt;/p>
&lt;p>The first step was to anonymise the data.  This was partly done by removing all details about an individual for each loan transaction apart from a single user ID field which provides a system generated ID unique to that system.  Following discussion with colleagues on the project it was then agreed that student course details would also be removed to eliminate the small risk that an individual could be identified in this way.&lt;/p>
&lt;p>In joining the SALT project, the JRUL agreed to make its loan data available for use by the SALT recommender service and to make the data available to others.  The second step was to agree the terms on which this data would be released.  JISC and the Resource Discovery Taskforce argue, in the context of bibliographic data, that the most open licence possible should be used and that restrictions, such as restricting use to non-commercial activities, should only be applied if the impact of this is fully understood.  They also strongly recommend that institutions use the standard licences now widely available rather than developing their own &lt;a href="http://obd.jisc.ac.uk/rights-and-licensing" target="_blank">http://obd.jisc.ac.uk/rights-and-licensing&lt;/a>.   Whilst there are common principles between the sharing of activity data and bibliographic data there are also some differences.  In particular, activity data is unique to that particular institution and is generated from the behaviour of individuals within the institution.  Rather than waiving all rights, therefore, a recommendation was made to the University Librarian that JRUL activity data be licensed for use outside of the University and that this be done using the most open licence available.&lt;/p>
&lt;p>The University Librarian has now agreed that JRUL anonymised loan data will be made available under a Creative Commons attribution only licence (CC BY).&lt;/p>

&lt;div>

&lt;/div>&lt;div>&lt;div>&lt;h3>Like this:&lt;/h3>&lt;div>&lt;div>&lt;a href="http://salt11.wordpress.com/2011/07/26/agreeing-licensing-of-data/?like=1&amp;_wpnonce=037cd5ec4d" title="I like this." rel="nofollow">&lt;span>Like&lt;/span>&lt;/a>&lt;/div>&lt;div>Be the first to like this.&lt;/div>&lt;/div>&lt;/div>&lt;/div>											&lt;/div></subfield>
    <subfield code="b">&lt;div id="post-111" class="post-111 post type-post status-publish format-standard hentry category-uncategorized">
					&lt;h1 class="entry-title">Agreeing licensing of&amp;nbsp;data&lt;/h1>

					&lt;div class="entry-meta">
						&lt;span class="meta-prep meta-prep-author">Posted on&lt;/span> &lt;a href="http://salt11.wordpress.com/2011/07/26/agreeing-licensing-of-data/" title="11:05 am" rel="bookmark">&lt;span class="entry-date">July 26, 2011&lt;/span>&lt;/a> 						&lt;span class="by-author">&lt;span class="sep">by&lt;/span> &lt;span class="author vcard">&lt;a class="url fn n" href="http://salt11.wordpress.com/author/andyjland/" title="View all posts by andyjland" rel="author">andyjland&lt;/a>&lt;/span> &lt;/span>					&lt;/div>&lt;!-- .entry-meta -->

					&lt;div class="entry-content">
						&lt;p>The John Rylands University Library &lt;em>New Directions&lt;/em> Library strategy includes a commitment to &amp;#8221; investigate innovative ways to extract, reuse and expose data across our systems to enhance the searching and usage of our resources.&amp;#8221;  The release of JRUL loan data (details of about 8 million transactions going back 10 years) is viewed by the JRUL as part of this commitment.&lt;/p>
&lt;p>The main issue to address in releasing this data is how you do this in way that protects personal information whilst ensuring that the data can be used in a meaningful way.  Within JRUL the following approach was agreed.&lt;/p>
&lt;p>The first step was to anonymise the data.  This was partly done by removing all details about an individual for each loan transaction apart from a single user ID field which provides a system generated ID unique to that system.  Following discussion with colleagues on the project it was then agreed that student course details would also be removed to eliminate the small risk that an individual could be identified in this way.&lt;/p>
&lt;p>In joining the SALT project, the JRUL agreed to make its loan data available for use by the SALT recommender service and to make the data available to others.  The second step was to agree the terms on which this data would be released.  JISC and the Resource Discovery Taskforce argue, in the context of bibliographic data, that the most open licence possible should be used and that restrictions, such as restricting use to non-commercial activities, should only be applied if the impact of this is fully understood.  They also strongly recommend that institutions use the standard licences now widely available rather than developing their own &lt;a href="http://obd.jisc.ac.uk/rights-and-licensing" target="_blank">http://obd.jisc.ac.uk/rights-and-licensing&lt;/a>.   Whilst there are common principles between the sharing of activity data and bibliographic data there are also some differences.  In particular, activity data is unique to that particular institution and is generated from the behaviour of individuals within the institution.  Rather than waiving all rights, therefore, a recommendation was made to the University Librarian that JRUL activity data be licensed for use outside of the University and that this be done using the most open licence available.&lt;/p>
&lt;p>The University Librarian has now agreed that JRUL anonymised loan data will be made available under a Creative Commons attribution only licence (CC BY).&lt;/p>

&lt;div class="wpadvert" style="text-align: center; padding: 5px; background: #; padding: 5px; margin: 10px auto;">
&lt;script type="text/javascript">
GA_googleAddAttr("AdOpt", "1");
GA_googleAddAttr("Origin", "other");
GA_googleAddAttr("theme_bg", "ffffff"); 
GA_googleAddAttr("theme_text", "333333"); 
GA_googleAddAttr("theme_link", "0066cc"); 
GA_googleAddAttr("theme_border", "cccccc"); 
GA_googleAddAttr("theme_url", "ff4b33"); 
GA_googleAddAttr("LangId", "1");
GA_googleAddAttr("Domain", "salt11.wordpress.com");
GA_googleAddAttr("Autotag", "technology");

GA_googleFillSlot("wpcom_below_post");
&lt;/script>
&lt;/div>&lt;div id="jp-post-flair" class="sharedaddy sd-like-enabled">&lt;div class="wpl-likebox sd-block sd-like">&lt;h3 class="sd-title">Like this:&lt;/h3>&lt;div class="sd-content">&lt;div id="like-111" class="wpl-button ">&lt;a href='http://salt11.wordpress.com/2011/07/26/agreeing-licensing-of-data/?like=1&amp;amp;_wpnonce=037cd5ec4d' title='I like this.' class='like needs-login sd-button' rel='nofollow'>&lt;span>Like&lt;/span>&lt;/a>&lt;/div>&lt;div class="wpl-count sd-like-count">Be the first to like this.&lt;/div>&lt;/div>&lt;/div>&lt;/div>											&lt;/div>&lt;!-- .entry-content -->


					&lt;div class="entry-utility">
						This entry was posted in &lt;a href="http://salt11.wordpress.com/category/uncategorized/" title="View all posts in Uncategorized" rel="category tag">Uncategorized&lt;/a>. Bookmark the &lt;a href="http://salt11.wordpress.com/2011/07/26/agreeing-licensing-of-data/" title="Permalink to Agreeing licensing of&amp;nbsp;data" rel="bookmark">permalink&lt;/a>.											&lt;/div>&lt;!-- .entry-utility -->
				&lt;/div></subfield>
    <subfield code="u">http://salt11.wordpress.com/2011/07/26/agreeing-licensing-of-data/</subfield>
  </datafield>
</record>