
<record>
  <controlfield tag="001">2200</controlfield>
  <controlfield tag="002">Comment_2059</controlfield>
  <controlfield tag="005">20121109184017.0</controlfield>
  <datafield tag="980" ind1=" " ind2=" ">
    <subfield code="a">COMMENT</subfield>
  </datafield>
  <datafield tag="773" ind1=" " ind2=" ">
    <subfield code="w">http://salt11.wordpress.com/2011/07/21/the-benefits-of-reusing-activity-data/</subfield>
    <subfield code="w">1757</subfield>
  </datafield>
  <datafield tag="856" ind1="4" ind2=" ">
    <subfield code="u">http://bf3.itc.auth.gr/record/2200/files/Comment_2059.xml_mets</subfield>
  </datafield>
  <datafield tag="100" ind1=" " ind2=" ">
    <subfield code="a">Final blog post &amp;#124; Innovations</subfield>
  </datafield>
  <datafield tag="520" ind1=" " ind2=" ">
    <subfield code="a">[...] Feedback from collections managers &amp;amp; potential data contributors helping us consider weaknesses and opportunities, as well as possible sustainable next steps. [...]</subfield>
    <subfield code="b"></subfield>
    <subfield code="u">http://salt11.wordpress.com/2011/07/21/the-benefits-of-reusing-activity-data/#comment-53</subfield>
  </datafield>
</record>