
<record>
  <controlfield tag="001">2203</controlfield>
  <controlfield tag="002">Comment_2062</controlfield>
  <controlfield tag="005">20121109184022.0</controlfield>
  <datafield tag="980" ind1=" " ind2=" ">
    <subfield code="a">COMMENT</subfield>
  </datafield>
  <datafield tag="773" ind1=" " ind2=" ">
    <subfield code="w">http://salt11.wordpress.com/2011/07/21/the-benefits-of-reusing-activity-data/</subfield>
    <subfield code="w">1757</subfield>
  </datafield>
  <datafield tag="856" ind1="4" ind2=" ">
    <subfield code="u">http://bf3.itc.auth.gr/record/2203/files/Comment_2062.xml_mets</subfield>
  </datafield>
  <datafield tag="100" ind1=" " ind2=" ">
    <subfield code="a">A sampling of SALT. How the recommender is working and initial feedback from postgrads &amp;#124; Innovations</subfield>
  </datafield>
  <datafield tag="520" ind1=" " ind2=" ">
    <subfield code="a">[...] disciplinary contexts.  I find this part particularly interesting when considering in light of the search and research behaviour of humanities researchers.  A fuller report on the user testing will be published [...]</subfield>
    <subfield code="b"></subfield>
    <subfield code="u">http://salt11.wordpress.com/2011/07/21/the-benefits-of-reusing-activity-data/#comment-56</subfield>
  </datafield>
</record>