
<record>
  <controlfield tag="001">2197</controlfield>
  <controlfield tag="002">Comment_2056</controlfield>
  <controlfield tag="005">20121109184012.0</controlfield>
  <datafield tag="980" ind1=" " ind2=" ">
    <subfield code="a">COMMENT</subfield>
  </datafield>
  <datafield tag="773" ind1=" " ind2=" ">
    <subfield code="w">http://salt11.wordpress.com/2011/07/29/what-do-the-users-think-of-the-salt-recommender/</subfield>
    <subfield code="w">1761</subfield>
  </datafield>
  <datafield tag="856" ind1="4" ind2=" ">
    <subfield code="u">http://bf3.itc.auth.gr/record/2197/files/Comment_2056.xml_mets</subfield>
  </datafield>
  <datafield tag="100" ind1=" " ind2=" ">
    <subfield code="a">Final blog post &amp;#124; Innovations</subfield>
  </datafield>
  <datafield tag="520" ind1=" " ind2=" ">
    <subfield code="a">[...] User testing instruments:SALT Postgraduate User Discussion Guide  SALT user response sheet and results [...]</subfield>
    <subfield code="b"></subfield>
    <subfield code="u">http://salt11.wordpress.com/2011/07/29/what-do-the-users-think-of-the-salt-recommender/#comment-50</subfield>
  </datafield>
</record>