
<record>
  <controlfield tag="001">2199</controlfield>
  <controlfield tag="002">Comment_2058</controlfield>
  <controlfield tag="005">20121109184015.0</controlfield>
  <datafield tag="980" ind1=" " ind2=" ">
    <subfield code="a">COMMENT</subfield>
  </datafield>
  <datafield tag="773" ind1=" " ind2=" ">
    <subfield code="w">http://salt11.wordpress.com/2011/07/29/what-do-the-users-think-of-the-salt-recommender/</subfield>
    <subfield code="w">1761</subfield>
  </datafield>
  <datafield tag="856" ind1="4" ind2=" ">
    <subfield code="u">http://bf3.itc.auth.gr/record/2199/files/Comment_2058.xml_mets</subfield>
  </datafield>
  <datafield tag="100" ind1=" " ind2=" ">
    <subfield code="a">User Feedback Results &amp;#8211; Super 8 &amp;#124; Innovations</subfield>
  </datafield>
  <datafield tag="520" ind1=" " ind2=" ">
    <subfield code="a">[...] as possible.  Using the same format as the previous groups (documented in our earlier blog post ‘What do users think of the SALT recommender?’), the library users were asked to complete an evaluation of the recommendations they were given. [...]</subfield>
    <subfield code="b"></subfield>
    <subfield code="u">http://salt11.wordpress.com/2011/07/29/what-do-the-users-think-of-the-salt-recommender/#comment-52</subfield>
  </datafield>
</record>