
<record>
  <controlfield tag="001">2205</controlfield>
  <controlfield tag="002">Comment_2064</controlfield>
  <controlfield tag="005">20121109184026.0</controlfield>
  <datafield tag="980" ind1=" " ind2=" ">
    <subfield code="a">COMMENT</subfield>
  </datafield>
  <datafield tag="773" ind1=" " ind2=" ">
    <subfield code="w">http://salt11.wordpress.com/2011/07/29/what-do-the-users-think-of-the-salt-recommender/</subfield>
    <subfield code="w">1761</subfield>
  </datafield>
  <datafield tag="856" ind1="4" ind2=" ">
    <subfield code="u">http://bf3.itc.auth.gr/record/2205/files/Comment_2064.xml_mets</subfield>
  </datafield>
  <datafield tag="100" ind1=" " ind2=" ">
    <subfield code="a">Evaluating the recommender &amp;#124; Copac Activity Data Project</subfield>
  </datafield>
  <datafield tag="520" ind1=" " ind2=" ">
    <subfield code="a">[...] had some interesting user evaluations from the previous SALT project, where we spoke to postgraduates at The University of [...]</subfield>
    <subfield code="b"></subfield>
    <subfield code="u">http://salt11.wordpress.com/2011/07/29/what-do-the-users-think-of-the-salt-recommender/#comment-72</subfield>
  </datafield>
</record>