
<record>
  <controlfield tag="001">2204</controlfield>
  <controlfield tag="002">Comment_2063</controlfield>
  <controlfield tag="005">20121109184024.0</controlfield>
  <datafield tag="980" ind1=" " ind2=" ">
    <subfield code="a">COMMENT</subfield>
  </datafield>
  <datafield tag="773" ind1=" " ind2=" ">
    <subfield code="w">http://salt11.wordpress.com/2011/08/01/lessons-learned-from-the-user-evaluation-perspective-or-can-we-define-the-long-tail/</subfield>
    <subfield code="w">1762</subfield>
  </datafield>
  <datafield tag="856" ind1="4" ind2=" ">
    <subfield code="u">http://bf3.itc.auth.gr/record/2204/files/Comment_2063.xml_mets</subfield>
  </datafield>
  <datafield tag="100" ind1=" " ind2=" ">
    <subfield code="a">NmOTGKW</subfield>
  </datafield>
  <datafield tag="520" ind1=" " ind2=" ">
    <subfield code="a">&amp;lt;a href=&amp;quot;http://kinectstore.weebly.com&amp;quot; title=&amp;quot;&amp;quot; rel=&amp;quot;nofollow&amp;quot;&amp;gt;&amp;lt;/a&amp;gt; This website really rocks.

Cheers,

Angela</subfield>
    <subfield code="b"></subfield>
    <subfield code="u">http://salt11.wordpress.com/2011/08/01/lessons-learned-from-the-user-evaluation-perspective-or-can-we-define-the-long-tail/#comment-62</subfield>
  </datafield>
</record>
</collection>
